3292 4809
297 629 339 699 30
515 648 650 702 sannen
672 646 880 701 nnnrnvsn
904 648 1135 702 nocmmms.

297 819 434 885 XVIII.
472 818 524 886 De
554 821 623 886 illie
650 821 707 907 qai
728 821 965 908 poenitentiam
991 842 1013 885 a
1040 820 1110 886 sais
1136 820 1359 889 cacerdotibus

684 926 828 1012 conpare
844 925 968 989 nolam.

340 1060 430 1142 Quia
444 1063 545 1128 multi
561 1070 657 1128 tanta
669 1063 792 1128 mentis
814 1084 895 1128 suae
918 1061 1087 1128 falluntur
1101 1062 1235 1141 astutia,
1254 1070 1297 1129 ut
1318 1064 1357 1130 in

294 1166 410 1251 aliquo
434 1167 571 1253 capitali
595 1166 734 1232 crimine
756 1166 923 1254 inculpati
944 1169 1189 1255 poenitentiam
1208 1192 1229 1237 a
1249 1194 1358 1239 sacer-

295 1269 430 1337 dotibus
449 1272 520 1337 suis
541 1272 692 1357 accipere
715 1271 838 1349 nolint,
857 1271 893 1335 in
915 1271 979 1337 hoc
1002 1273 1147 1339 maxime
1170 1273 1299 1352 confisi,
1314 1283 1358 1341 ut

295 1375 437 1440 Romam
454 1374 647 1461 petentibus
671 1375 875 1460 apostolicus
899 1376 1011 1440 omnia
1032 1375 1184 1442 dimittat
1204 1386 1355 1463 peccata,

294 1486 411 1544 sancto
427 1479 568 1545 concilio
583 1479 694 1545 visum
710 1485 772 1555 est,
792 1486 833 1543 ut
854 1480 934 1543 talis
956 1478 1172 1566 indulgentia
1193 1480 1262 1547 illis
1284 1502 1356 1547 non

294 1584 409 1668 prosit,
432 1582 493 1650 sed
514 1584 608 1669 prius
633 1583 731 1668 juxta
754 1582 892 1649 modum
915 1582 1032 1650 delicti
1060 1585 1305 1670 poenitentiam
1332 1608 1355 1651 a

294 1687 363 1752 suis
378 1686 607 1753 sacerdotibus
623 1687 811 1773 injunctam
828 1686 1035 1774 adimpleant
1049 1695 1086 1755 et
1100 1695 1195 1768 tunc,
1210 1688 1355 1754 Romam

293 1791 341 1856 ire
357 1791 387 1856 si
401 1791 520 1869 velint,
537 1790 579 1856 ab
593 1791 747 1877 episcopo
766 1792 901 1877 proprio
924 1792 1097 1858 licentiam
1119 1799 1155 1859 et
1176 1792 1354 1878 epistolam

293 1893 337 1959 ad
352 1895 573 1980 apostolicum
589 1916 633 1961 ex
648 1893 779 1962 hisdem
794 1894 894 1961 rebus
910 1895 1120 1963 referendam
1134 1896 1312 1983 accipiant.

294 2081 395 2147 XIX.
433 2082 476 2148 Ut
491 2083 594 2148 omnis
604 2083 785 2174 poeniteas,
802 2085 881 2149 dam
897 2084 1147 2169 aadoamfcca'l,
1162 2084 1203 2151 de
1225 2085 1292 2151 loco
1307 2085 1355 2152 ad

665 2188 767 2254 locam
782 2208 847 2253 ooo
861 2190 986 2273 coloret.

336 2324 521 2391 Decretum
543 2331 596 2391 est
617 2325 655 2390 in
677 2325 794 2392 eodem
817 2328 970 2404 concilio,
986 2334 1027 2392 ut
1041 2327 1149 2393 omnis
1164 2328 1352 2414 poenitens,

292 2427 374 2493 dum
389 2430 537 2494 carinam
551 2429 692 2515 jejunat,
708 2429 750 2496 de
766 2431 842 2495 loco
857 2429 901 2495 ad
918 2431 1031 2496 locum
1051 2452 1121 2496 non
1142 2433 1274 2519 migret,
1289 2432 1352 2499 sed

292 2532 338 2598 ibi
361 2532 521 2619 perficiat,
543 2533 603 2599 ubi
625 2534 661 2597 in
683 2534 805 2620 coepit,
821 2535 983 2619 quatinus
1005 2534 1159 2602 sacerdos
1181 2557 1262 2601 suus
1285 2537 1351 2603 sibi

291 2636 337 2702 sit
351 2637 458 2701 testis.
497 2635 534 2702 si
549 2644 664 2703 autem
679 2638 726 2703 ibi
741 2645 878 2723 propter
889 2637 1029 2703 hostiles
1045 2638 1183 2705 insidias
1197 2639 1350 2724 jejunare

292 2759 360 2804 non
374 2741 491 2826 possit,
507 2762 589 2806 suus
604 2741 758 2807 sacerdos
781 2741 880 2806 illum
902 2740 1111 2807 confratrum
1132 2763 1271 2808 suorum
1292 2745 1352 2810 ali·

292 2844 357 2920 cui,
388 2844 447 2909 ubi
476 2844 613 2931 pacifice
649 2845 799 2931 jejunare
828 2846 945 2932 possit,
976 2844 1232 2934 diligentissime
1262 2868 1351 2913 com-

292 2946 438 3013 mandet.
