3292 4809
538 628 614 675 rna
635 626 937 677 nonnusrnnrns
959 626 1106 676 remon.
1288 613 1353 678 129

239 811 242 818 '
295 799 389 868 vobis
404 798 529 885 scripta
543 795 759 883 precipiendo
774 783 974 861 mandantes
990 802 1159 882 quatenus
1182 778 1244 865 hec
1262 802 1352 870 clero

295 912 331 971 et
351 904 485 991 populis
507 901 602 969 vobis
625 901 773 967 comissis
795 899 942 966 fideliter
965 908 1173 988 exponentes
1195 925 1235 971 ac
1257 906 1354 973 indu·

295 1015 409 1074 centes
438 1005 574 1073 eosdem
606 1012 647 1071 ut
679 1004 724 1070 sd
754 1005 816 1071 hec
851 1005 1050 1090 exequenda
1081 1007 1244 1077 studeant
1273 1033 1352 1079 suos

295 1113 421 1177 animos
443 1131 638 1197 preperare;
660 1111 750 1195 ipsos
770 1109 814 1173 ad
834 1108 1072 1197 vindicandam
1094 1112 1253 1199 injuriam
1269 1116 1353 1183 Jesu

296 1216 424 1282 Christi
445 1215 573 1282 sedulis
596 1214 886 1280 exhortationibus
912 1216 1065 1283 invitetis
1091 1226 1133 1285 ut
1158 1243 1236 1287 cum
1261 1222 1351 1308 ipsos

294 1322 477 1408 apostolica
493 1320 596 1387 Sedes
614 1319 730 1387 habito
753 1323 928 1388 maturiori
951 1332 1099 1390 tractatu
1121 1325 1351 1392 sollicitandos

294 1426 490 1512 providerit,
505 1432 677 1512 promptos
695 1426 849 1492 inveniat
863 1435 899 1493 et
913 1436 1057 1514 paratos.
1103 1429 1209 1496 Porro
1223 1451 1266 1496 ne
1281 1437 1353 1495 tan-

296 1552 398 1617 quam
413 1552 511 1597 canes
526 1530 624 1607 muti,
635 1551 706 1595 non
720 1530 873 1597 valentes
890 1533 1011 1601 latrare
1030 1533 1204 1600 videamur
1219 1534 1351 1601 deferre
1370 1526 1373 1533 ’

295 1635 423 1701 homini
438 1643 555 1701 contra
570 1635 692 1713 Deum,
705 1657 772 1701 non
788 1646 961 1703 sumentes
977 1638 1141 1705 ultionem
1157 1637 1199 1705 de
1215 1638 1277 1704 illo
1292 1640 1352 1724 qui

295 1745 425 1805 tantam
447 1740 579 1804 ruinam
601 1740 637 1804 in
659 1740 726 1805 Dei
747 1742 874 1828 populo
897 1744 1100 1828 procuravit,
1118 1744 1353 1829 imperatorem

296 1844 505 1911 Fridericum
528 1845 588 1930 qui
610 1866 673 1910 nec
696 1845 931 1912 transfretavit
948 1847 989 1910 in
1012 1848 1166 1925 termino,
1184 1869 1247 1913 nec
1269 1848 1351 1913 illuc

295 1950 332 2013 in
346 1949 470 2014 taxatis
484 1949 647 2035 passagiis
661 1950 881 2041 prescriptam
896 1951 1074 2037 pecuniam
1085 1950 1278 2029 destinavit,
1290 1972 1352 2017 nec

248 2077 251 2086 ⁴
296 2052 397 2119 duxit
422 2054 514 2119 mille
540 2054 666 2119 milites
688 2075 749 2139 per
770 2053 945 2120 biennium
971 2055 1135 2121 tenendos
1161 2054 1286 2121 ibidem
1309 2054 1353 2119 ad

295 2178 396 2224 suum
417 2179 480 2244 pro
501 2156 650 2223 subsidio
673 2164 762 2224 terre
785 2165 910 2236 sancte,
930 2159 992 2225 sed
1012 2159 1050 2222 in
1071 2158 1124 2224 his
1146 2159 1253 2225 tribus
1276 2161 1354 2224 arti-

296 2262 381 2329 culis
395 2261 574 2328 maniieste
586 2262 745 2328 deficiens
760 2262 796 2326 in
814 2263 1170 2328 excommunicationis
1187 2262 1353 2349 descripte

296 2366 456 2453 laqueum
474 2366 650 2431 ultroneus
672 2387 708 2432 se
731 2366 882 2454 ingessit,
899 2368 1229 2434 excommunicatum
1250 2388 1355 2452 quan-

297 2492 399 2557 quam
414 2471 514 2537 inviti
529 2470 663 2558 publice
678 2472 920 2548 nuntiavimus,
933 2478 969 2537 et
982 2470 1179 2537 mandamus
1195 2471 1237 2537 ab
1252 2472 1355 2537 omni·

296 2574 360 2640 bus
375 2576 500 2641 arctius
515 2575 646 2652 evitari,
661 2597 722 2661 per
736 2596 797 2641 vos
813 2583 849 2641 et
863 2576 946 2641 alios
969 2576 1186 2641 ecclesiarum
1208 2576 1354 2662 prelatos

297 2678 408 2765 ipsum
425 2680 762 2746 excommunicatiem
785 2680 1010 2765 precipientes
1034 2679 1169 2765 publice
1194 2680 1354 2758 nuntiari,

298 2791 415 2850 contra
428 2784 539 2870 ipsum
553 2784 582 2850 si
598 2784 809 2850 contumacia
821 2784 894 2870 ejus
910 2784 1063 2871 exegerit
1077 2784 1212 2872 gravius
1227 2804 1356 2870 proces

298 2888 379 2953 suri.
424 2887 633 2953 Confidimus
648 2895 763 2954 tamen
780 2887 891 2954 adhuc
914 2889 950 2952 in
973 2888 1151 2954 clementia
1172 2888 1220 2974 pii
1243 2887 1355 2954 Patris

299 2992 359 3077 qui
381 2992 551 3059 neminem
572 2993 650 3059 vult
671 3013 786 3077 perere
811 2990 904 3077 quod
927 2992 1000 3078 ejus
1022 2992 1145 3058 mentis
1168 2992 1258 3057 oculi
1280 2992 1357 3058 cali-

260 3171 262 3175 y
298 3104 417 3186 gentes
433 3097 496 3163 hoc
512 3098 738 3163 ecclesiastico
755 3096 899 3163 delibuti
920 3096 1071 3182 collyrio,
1086 3096 1140 3161 sin
1160 3116 1229 3161 non
1250 3095 1357 3162 fuerit

299 3203 435 3268 omnino
464 3202 608 3281 rebellis,
637 3204 765 3270 lumine
796 3209 958 3289 poterunt
987 3200 1161 3278 illustrari,
1191 3206 1231 3266 ut
1259 3221 1356 3265 suam
1427 3195 1431 3201 ’

299 3308 465 3393 aspiciant
489 3308 680 3374 nuditatem
703 3315 739 3374 et
760 3307 981 3397 ignominiam
1004 3326 1108 3390 quam
1133 3304 1276 3369 incurrit
1301 3302 1357 3368 ad·

300 3419 454 3489 vertant3
483 3413 598 3498 sicque
628 3420 779 3479 recurrat
809 3413 853 3478 ad
882 3411 1051 3478 medicum
1076 3417 1112 3474 et
1141 3408 1185 3473 ad
1216 3415 1356 3473 matrem

301 3514 488 3582 Ecclesiam
509 3523 698 3583 revertatur
712 3539 773 3603 per
790 3516 1019 3582 humilitatem
1042 3512 1189 3580 debitam
1207 3519 1243 3579 et
1264 3512 1358 3578 satis·

300 3618 482 3686 factionem
504 3642 698 3707 congruam,
721 3622 841 3686 salutis
864 3620 1011 3687 remedia
1035 3624 1242 3703 recepturus.
1287 3616 1357 3682 Nos

301 3724 392 3790 enim
407 3724 478 3811 ejus
493 3724 638 3790 salutem
655 3725 693 3789 in
710 3725 867 3803 Domino,
882 3746 952 3790 non
968 3725 1144 3791 interitum
1159 3719 1358 3787 affectamus

302 3848 403 3914 quem
418 3828 460 3894 ab
474 3829 556 3894 olim
571 3829 700 3895 sincere
716 3828 909 3908 dileximus,
924 3830 961 3893 in
982 3829 1103 3893 minori
1126 3827 1231 3894 etiam
1249 3823 1358 3890 officio

302 3932 490 4026 constituti.

346 4034 474 4101 Datum
489 4036 657 4123 Anagnis,
672 4043 770 4103 sexto
785 4036 862 4102 idus
877 4036 1031 4115 octobris,
1046 4035 1263 4123 pontificatus
1286 4056 1359 4102 nos·

302 4139 347 4207 tri
362 4161 450 4207 anno
464 4140 583 4227 primo.
