3292 4809
323 583 387 650 138
543 600 676 649 snnncr
697 599 905 649 nnnrmvan
926 601 1153 652 noonnnnrs.

796 819 898 886 VIII.

366 949 559 1016 Friderious
574 949 639 1016 Dei
662 950 773 1038 gratia
795 950 1023 1016 Romanorum
1044 951 1225 1039 imperator
1245 973 1379 1039 semper

321 1062 487 1142 augustus
503 1054 692 1119 Jerusalem
706 1061 742 1119 et
757 1052 871 1119 Sicilie
886 1076 958 1131 rex,
973 1055 1174 1140 justitiariis,
1187 1056 1378 1134 comitibus,

321 1157 511 1235 baronibus,
527 1156 701 1235 militibus,
717 1158 916 1236 camerariis,
932 1157 1053 1244 bajulis
1068 1165 1104 1224 et
1121 1160 1286 1227 universis
1309 1160 1379 1225 offi-

322 1262 463 1329 cialibus
492 1283 553 1347 per
576 1268 687 1327 totum
712 1262 968 1347 justitiariatum
993 1261 1175 1328 Barensem
1200 1270 1236 1329 et
1261 1263 1379 1330 Basili·

321 1372 432 1431 catam
447 1365 641 1430 constitutis
656 1363 811 1430 fidelibus
827 1365 896 1429 suis
915 1366 1059 1451 gratiam
1081 1387 1176 1431 suam
1198 1372 1234 1432 et
1254 1367 1377 1433 bonam

322 1469 543 1535 voluntatem.
589 1466 790 1534 Mandamus
806 1475 842 1533 et
856 1470 1069 1554 precipimus,
1086 1471 1245 1555 quatinus
1261 1472 1376 1537 nullus

322 1572 364 1638 de
380 1579 490 1638 cetero
505 1572 646 1638 clericus
661 1593 722 1637 seu
744 1593 887 1657 persona
909 1573 1135 1638 ecclesiastica
1157 1575 1379 1640 conveniatur

322 1676 468 1742 civiliter
495 1697 557 1741 seu
586 1675 804 1741 criminaliter
834 1696 945 1741 coram
976 1675 1090 1763 judice
1126 1677 1281 1755 seculari,
1310 1678 1377 1745 nisi

322 1780 468 1846 civiliter
482 1800 583 1864 super
596 1778 715 1844 feodis.

366 1884 455 1949 Data
470 1883 639 1949 incastris
655 1904 757 1970 prope
774 1882 996 1969 Ceperanum,
1014 1884 1056 1949 28
1071 1884 1163 1972 Aug.
1180 1884 1200 1950 3
1214 1884 1332 1952 indict.

815 2101 880 2167 IX.

369 2229 480 2319 [Aug.
497 2230 567 2319 28.]
601 2229 671 2297 Nos
686 2230 751 2297 Dei
766 2231 876 2318 gratia
887 2228 1097 2297 Arelatensis
1109 2229 1377 2319 archiepiscopus

323 2336 568 2401 Wintoniensis
590 2342 627 2402 et
648 2334 865 2401 Beluacensis
887 2334 1035 2421 episcopi
1059 2335 1258 2420 requisitis
1280 2358 1380 2403 vene·

321 2438 482 2505 rabilibus
496 2438 648 2525 patribus
664 2439 686 2504 J
689 2437 820 2503 ohanne
836 2437 903 2503 Dei
917 2440 1027 2525 gratia
1048 2439 1204 2525 episcopo
1227 2438 1378 2506 Sabiensi

322 2550 357 2610 et
373 2542 503 2607 Thoma
519 2542 614 2607 tituli
628 2549 744 2610 sancte
760 2539 882 2607 Sabine
898 2541 1092 2629 presbytero
1108 2541 1271 2608 cardinali
1286 2565 1380 2629 apos·

322 2647 421 2712 tolice
433 2646 522 2712 sedis
536 2646 667 2733 legatis,
679 2653 719 2711 ut
732 2666 835 2731 super
848 2644 913 2710 hiis
929 2667 996 2731 que
1007 2644 1048 2711 de
1060 2667 1219 2731 processu
1228 2647 1378 2733 ipsorum

321 2751 358 2816 in
374 2750 510 2838 negotio
525 2749 744 2815 absolutionis
760 2747 875 2813 domni
896 2749 1106 2834 imperatoris
1128 2749 1320 2817 audivimus
1343 2758 1379 2817 et

322 2854 468 2921 vidimus
490 2853 734 2920 testimoniales
755 2852 890 2917 litteras
912 2851 1144 2928 scriberemus,
1161 2851 1205 2918 ad
1228 2875 1378 2919 commu·

322 2980 400 3024 nem
424 2956 622 3022 deducimus
646 2956 812 3033 notitiam,
836 2954 930 3042 quod
952 2954 1097 3041 predicti
1121 2954 1248 3021 domini
1272 2958 1378 3046 legati

322 3058 458 3125 domino
472 3058 666 3143 imperatori
680 3057 837 3122 fecerunt
851 3054 1011 3121 mandata
1025 3055 1213 3142 subscripta
1228 3057 1263 3121 in
1287 3058 1378 3124 hunc

322 3162 470 3229 modum.
509 3171 527 3202 “
537 3160 606 3225 Nos
617 3160 788 3226 lohannes
800 3159 866 3224 Dei
878 3161 988 3246 gratia
998 3157 1190 3226 Sabinensis
1202 3161 1379 3248 episcopus

322 3275 358 3335 et
381 3267 511 3332 Thoma
533 3264 650 3331 eadem
672 3264 782 3353 gratia
804 3263 899 3328 tituli
921 3269 1036 3329 sancte
1060 3262 1181 3329 Sabine
1203 3264 1379 3352 presbyter

322 3371 500 3439 cardinalis
516 3369 696 3456 apostolice
712 3367 801 3434 sedis
813 3366 927 3454 legati,
941 3367 1142 3433 auctoritate
1155 3366 1282 3432 domini
1293 3389 1378 3454 pape

322 3475 519 3541 mandamus
546 3473 681 3538 domino
705 3470 908 3557 imperatori,
931 3468 1024 3555 quod
1046 3491 1113 3534 non
1137 3470 1299 3557 impediat
1319 3493 1380 3557 per

322 3602 357 3647 se
378 3581 434 3647 vel
456 3578 642 3665 paralium
664 3576 748 3662 quin
771 3574 962 3651 electiones,
978 3573 1223 3659 postulationes
1246 3580 1283 3641 et
1305 3596 1381 3641 con·

323 3684 527 3749 firmationes
546 3680 773 3755 ecclesiarum,
789 3676 1067 3743 monasteriorum
1089 3676 1125 3740 in
1148 3698 1252 3764 regno
1275 3677 1379 3745 libere

323 3788 406 3853 fiant
421 3786 574 3852 decatero
590 3781 776 3849 secundum
791 3787 921 3847 statuta
932 3779 1067 3845 concilii
1078 3781 1253 3866 generalis.
1291 3781 1380 3847 Item

323 3899 363 3957 ut
389 3889 566 3956 comitibus
591 3883 833 3953 Celanensibus
860 3889 896 3948 et
917 3882 995 3947 filiis
1018 3880 1189 3967 quondam
1213 3882 1380 3950 Rainaudi

323 3994 365 4065 de
392 3993 524 4063 Aversa
545 3988 732 4061 satisfaciat
753 3984 940 4056 secundum
962 3983 1105 4052 formam
1128 3985 1379 4074 compositionis
