3292 4809
538 615 613 662 rnn
635 613 938 663 nonnusrsurnrr
960 616 1106 665 rnsron.
1309 599 1350 663 85

214 850 218 857 ,
297 790 379 849 tunc
395 790 507 848 tamen
519 784 556 846 in
567 804 606 847 ea
617 783 862 870 significatione
873 782 1106 867 accipiendum
1115 783 1237 859 fuerat,
1250 805 1351 869 quam

297 910 357 953 nos
372 889 437 973 ipsi
452 889 633 973 posuimus,
650 895 685 952 et
701 909 802 972 quam
817 909 860 952 ex
881 888 1096 953 institutione
1119 909 1180 952 sua
1201 889 1352 953 noscitur

296 993 449 1058 retinere.
495 991 571 1056 Hoc
587 992 677 1056 enim
692 1012 815 1057 nomen
830 1013 872 1056 ex
887 991 975 1056 bono
991 999 1026 1056 et
1040 990 1131 1056 facto
1147 998 1200 1056 est
1211 991 1350 1069 editum,

296 1105 332 1162 et
346 1095 471 1161 dicitur
485 1094 683 1160 beneficium
699 1102 783 1180 aput
802 1117 863 1160 nos
886 1117 954 1160 non
976 1094 1128 1172 feudum,
1144 1094 1204 1160 sed
1225 1096 1351 1161 bonum

296 1200 444 1277 iactum3
466 1201 503 1263 in
519 1222 586 1286 qua
600 1199 846 1287 significatione
862 1200 898 1263 in
921 1201 1078 1265 universo
1102 1199 1222 1265 Sacrae
1244 1200 1351 1286 Scrip

296 1313 392 1370 turae
409 1326 542 1390 corpore
559 1305 742 1381 invenitur,
758 1303 817 1368 ubi
837 1326 880 1370 ex
902 1304 1062 1369 beneficio
1086 1304 1161 1381 Dei,
1177 1326 1246 1369 non
1269 1312 1351 1369 tam·

297 1430 399 1494 quam
413 1431 456 1473 ex
472 1407 586 1485 feud0,
601 1407 661 1473 sed
675 1408 773 1473 velut
788 1429 831 1472 ex
846 1407 1081 1473 benedictione
1097 1415 1133 1473 et
1150 1408 1237 1473 bono
1259 1407 1351 1473 facto

296 1515 400 1599 ipsius
425 1513 605 1600 gubernari
631 1512 775 1577 dicimur
798 1520 834 1577 et
863 1508 998 1577 nutriri,
1049 1512 1096 1576 Et
1124 1520 1185 1604 tua
1214 1512 1350 1597 quidem

296 1617 545 1704 magnificentia
560 1615 691 1702 liquido
706 1617 928 1703 recognoscit,
945 1615 1038 1701 quod
1052 1637 1114 1680 nos
1136 1616 1185 1680 ita
1207 1616 1291 1681 bene
1314 1624 1351 1681 et

295 1720 476 1786 honorifice
500 1721 682 1806 imperialis
709 1719 886 1807 dignitatis
910 1721 1043 1806 insigne
1073 1727 1134 1784 tuo
1164 1721 1266 1805 capiti
1291 1721 1351 1783 im-

295 1825 479 1909 posuimus,
495 1832 535 1889 ut
549 1824 674 1889 bonum
688 1822 817 1888 factum
832 1824 947 1889 valeat
961 1823 1002 1888 ab
1020 1824 1174 1889 omnibus
1195 1823 1348 1909 judicari.

297 1928 396 1995 Unde
413 1928 505 2014 quod
520 1927 658 2014 quidam
671 1927 811 1993 verbum
826 1927 889 1992 hoc
912 1935 947 1993 et
969 1927 1066 2005 illud,
1082 1929 1229 1993 scilicet:
1255 1937 1350 1992 ‘con-

296 2033 437 2097 tulimus
453 2032 515 2097 tibi
530 2032 699 2117 imperalis
715 2031 877 2109 coronae‚’
893 2052 913 2095 a
928 2053 1029 2096 sensu
1045 2053 1106 2096 suo
1121 2032 1186 2096 nisi
1204 2040 1285 2097 sunt
1306 2032 1350 2096 ad

296 2138 400 2200 alium
415 2144 618 2221 retorquere,
635 2158 704 2200 non
719 2157 762 2200 ex
773 2136 893 2201 merito
906 2156 1035 2212 causae,
1047 2135 1108 2200 sed
1117 2135 1158 2201 de
1170 2136 1348 2201 voluntate

295 2241 428 2326 propria
443 2248 478 2305 et
492 2241 627 2304 illorum
642 2241 872 2327 suggestione,
878 2240 938 2325 qui
950 2261 1065 2324 pacem
1076 2240 1172 2327 regni
1184 2248 1219 2305 et
1228 2241 1350 2306 aeccle·

295 2345 363 2410 siae
389 2344 585 2409 nullatenus
612 2343 772 2430 diligunt,
790 2343 854 2408 hoc
882 2350 1034 2430 egerunt.
1080 2342 1146 2418 Per
1171 2343 1236 2409 hoc'
1259 2346 1349 2409 enim

295 2448 496 2514 vocabulum
528 2446 775 2513 ‘contulimus’
806 2448 857 2511 nil
893 2446 988 2511 aliud
1021 2437 1253 2534 intelligimus,
1284 2450 1349 2513 nisi

296 2552 389 2639 quod
417 2553 569 2638 superius
595 2551 725 2616 dictum
751 2558 803 2616 est
835 2551 1094 2636 ‘imposuimus’
1141 2552 1227 2618 Sane
1258 2552 1350 2638 quod

295 2656 509 2742 postmodum
524 2678 681 2741 personas
700 2656 964 2721 aecclesiasticas
987 2677 1006 2720 a
1028 2655 1141 2721 debita
1163 2677 1350 2722 sacrosanc-

295 2769 349 2825 tae
373 2761 541 2825 Romanae
565 2760 744 2824 aecclesiae
767 2760 970 2836 visitatione,
986 2767 1026 2825 ut
1049 2759 1184 2837 dicitur,
1200 2762 1350 2826 revocari

294 2865 432 2951 jussisti,
449 2865 477 2928 si
500 2865 548 2928 ita
570 2872 632 2941 est,
649 2885 751 2949 quam
772 2864 1052 2929 inconvenienter
1073 2873 1187 2929 actum
1209 2866 1263 2942 sit,
1279 2872 1348 2942 tua,

295 2969 344 3033 fili
366 2970 402 3033 in
426 2968 560 3033 Christo
582 2966 767 3045 karissime,
790 2967 957 3044 discretio,
978 2975 1018 3032 ut
1040 2968 1216 3046 credimus,
1238 2991 1350 3056 recog·

295 3074 413 3138 noscit.
458 3071 545 3136 Nam
561 3073 590 3154 si
605 3078 688 3157 aput
705 3093 767 3136 nos
789 3071 921 3156 aliquid
943 3072 1174 3137 amaritudinis
1196 3072 1349 3150 habebas

295 3200 354 3263 per
369 3178 510 3242 nuncios
526 3185 561 3242 et
576 3177 706 3249 litteras
721 3183 798 3241 tuas
814 3175 909 3240 nobis
929 3175 1041 3242 fuerat
1061 3177 1298 3254 intimandum,
1314 3185 1350 3242 et

233 3290 240 3303 '
295 3304 356 3346 nos
371 3280 491 3345 honori
506 3288 566 3345 tuo
590 3281 846 3357 curavissemus,
863 3281 952 3345 sicut
966 3280 1027 3343 filii
1049 3278 1226 3359 karissimi,
1241 3282 1350 3366 provi-

295 3385 383 3451 dere.
428 3383 528 3449 Nunc
543 3383 650 3470 igitur
670 3385 831 3469 quoniam
853 3383 896 3448 ad
918 3385 1211 3450 commonitionem
1234 3384 1349 3451 dilecti

295 3490 356 3553 filii
371 3484 647 3553 nostri'Heinrici
664 3487 835 3553 Baioariae
852 3496 887 3553 et
902 3486 1067 3554 Saxoniae
1084 3488 1179 3554 ducis
1199 3489 1283 3554 duos
1306 3489 1348 3555 de

293 3593 437 3658 fratibus
464 3594 596 3669 nostris,
621 3591 819 3657 Heinricum
847 3593 942 3657 tituli
969 3591 1169 3657 Sanctorum
1191 3593 1291 3659 Nerei
1314 3592 1350 3659 et

294 3698 442 3763 Achillei
461 3696 715 3783 [presbiterum]
734 3704 769 3761 et
784 3696 806 3761 J
808 3698 977 3761 acinetum
998 3696 1139 3763 Sanctae
1163 3697 1290 3764 Mariae
1313 3699 1349 3762 in

295 3801 469 3867 Cosmidin
494 3801 668 3866 diaconem
695 3800 890 3878 cardinales,
913 3801 1099 3887 prudentes
1124 3802 1292 3887 siquidem
1314 3810 1349 3868 et

293 3907 450 3973 honestos
466 3907 566 3982 viros,
583 3904 625 3969 ad
640 3913 734 3969 tuam
754 3907 959 3991 presentiam
982 3906 1200 3984 destinamus,
1216 3908 1350 3973 celsitu·

294 4011 407 4076 dinem
421 4017 516 4075 tuam
531 4015 704 4074 monentes
720 4016 756 4073 et
769 4008 944 4075 hortantes
960 4010 996 4073 in
1012 4011 1170 4089 Domino,
1187 4012 1348 4097 quatinus
