3292 4809
535 635 613 683 ran
633 624 937 683 nonunsrsurnu
957 632 1105 683 rumen.
1284 616 1349 682 143

293 825 354 890 pro
388 824 429 869 eo
462 801 555 890 quod
587 809 745 889 nepotem
781 802 869 889 regis
907 801 1043 866 Tunicii
1078 801 1270 867 venientem
1305 800 1351 867 ad

198 947 203 954 ·
294 907 480 974 Ecclesiam
496 908 680 972 Romanam
697 927 758 993 pro
778 904 993 991 suscipiendo
1015 904 1224 991 baptismatis
1245 926 1351 971 sacra·

293 1020 419 1090 mento,
436 1010 567 1077 detinet
588 1031 650 1076 nec
671 1011 786 1077 venire
809 1011 970 1096 permisit.
1015 1009 1104 1075 Item
1126 1010 1350 1075 excommuni-

294 1136 408 1181 camus
420 1122 456 1181 et
467 1115 787 1180 anathematizamus
803 1113 960 1180 eumdem
974 1134 1085 1200 proco
1101 1113 1194 1200 quod
1209 1114 1350 1179 Petrum

294 1218 508 1296 Saracenum,
535 1218 681 1285 nobilem
709 1220 816 1285 civem
846 1219 1046 1296 Romanum,
1068 1240 1111 1284 ex
1136 1226 1232 1304 parte
1261 1219 1350 1304 regis

294 1323 422 1412 Anglic
437 1322 481 1388 ad
496 1322 618 1389 Sedem
633 1322 866 1408 Apostolioam
885 1323 1078 1389 venientem
1101 1323 1190 1408 cepit
1212 1330 1248 1388 et
1269 1321 1351 1389 deti·

294 1436 355 1495 net
384 1428 509 1494 carceri
538 1429 775 1513 mancipatum.
835 1428 923 1494 Item
956 1430 1285 1494 excommunicamus
1315 1435 1351 1494 et

294 1532 614 1598 anathematizamus
629 1532 785 1598 eumdem
800 1554 861 1619 pro
882 1554 921 1599 ec
943 1532 1037 1619 quod
1058 1540 1164 1598 terras
1187 1532 1350 1611 Ecclesia,

294 1638 426 1703 scilicet
447 1636 643 1713 Ferrariam,
669 1635 912 1724 Pigognanam,
933 1636 1145 1715 Bondenum‚
1163 1636 1352 1704 Ferrarien·

294 1762 366 1808 sem
381 1740 539 1807 diocesim
555 1749 591 1807 et
605 1741 872 1820 Bondencnsem,
888 1741 1121 1809 Lucanensem
1136 1742 1296 1809 diocesim
1315 1749 1351 1808 et

295 1853 420 1912 terram
431 1845 583 1912 Sardinie
596 1848 784 1932 occupavit,
797 1854 914 1913 contra
928 1848 1155 1933 juramentum
1167 1869 1235 1933 quo
1249 1868 1352 1933 super

294 1950 358 2016 hoc
374 1950 524 2018 Ecclesia
540 1958 675 2017 tenetur
691 1958 815 2018 temere
831 1951 1008 2019 veniendo.
1052 1951 1141 2018 Item
1163 1973 1352 2017 excommu-

295 2055 446 2120 nicamus
458 2063 494 2121 ct
508 2055 828 2122 anathematizamus
843 2055 999 2122 eumdem
1013 2078 1073 2141 pro
1088 2077 1128 2121 eo
1141 2055 1234 2141 quod
1245 2063 1351 2123 terras

296 2158 520 2243 quorumdam
545 2159 710 2226 nobilium
731 2159 774 2227 de
796 2182 900 2247 regno
923 2181 1008 2245 quas
1030 2160 1183 2226 Ecclesia
1204 2160 1351 2239 tenebat,

296 2261 340 2327 ad
362 2285 479 2329 manus
501 2285 579 2329 suas
601 2265 782 2349 occupavit
805 2273 841 2331 et
866 2264 1066 2331 devastavit.
1110 2264 1200 2331 Item
1220 2286 1353 2331 excom·

296 2368 506 2433 municamus
528 2376 564 2435 et
585 2368 906 2435 anathematizamus
929 2367 1085 2435 eumdem
1110 2390 1172 2455 pro
1195 2390 1236 2435 ec
1260 2369 1353 2455 quod

297 2470 459 2556 quasdam
481 2473 639 2538 ecclesias
662 2473 880 2551 cathedrales,
895 2473 1056 2539 videlicet
1079 2472 1182 2539 Mons
1204 2473 1352 2561 Regalis,

298 2574 570 2660 Cephaledeusis‚
596 2575 842 2655 Cathaniensis,
867 2576 1118 2664 squillacensis,
1145 2584 1182 2643 et
1206 2578 1352 2664 quedam

296 2681 509 2758 monasteria,
531 2680 686 2747 videlicit
708 2682 901 2759 Militensis,
922 2680 1038 2747 Sancti
1060 2680 1226 2761 Euicmie,
1250 2681 1352 2748 Terre

297 2782 435 2869 Majoris
451 2791 487 2850 et
502 2782 618 2850 Sancti
639 2786 780 2851 Ioannis
795 2786 832 2849 in
848 2784 971 2863 Lamis,
985 2785 1082 2851 bonis
1097 2786 1167 2851 suis
1182 2786 1352 2870 spoliavit.

297 2886 387 2953 Item
418 2890 748 2955 excommunicamus
778 2895 815 2955 et
844 2889 1165 2955 anathematizamus
1197 2888 1353 2955 eumdem

297 3012 412 3077 proco
433 2991 525 3078 quod
547 2994 653 3060 multe
676 2993 816 3060 ecclesie
839 2992 1046 3059 cathedrales
1069 2992 1191 3060 etalio
1214 2994 1352 3060 ecclesie

297 3101 334 3160 ct
347 3096 550 3161 monasteria
566 3095 608 3163 de
628 3119 732 3184 regno
748 3119 809 3184 per
828 3096 982 3183 iniquam
1003 3098 1261 3182 inquisitionem
1281 3096 1355 3162 fue·

297 3206 380 3264 runt
396 3199 467 3267 fere
487 3199 583 3266 bonis
606 3201 760 3268 omnibus
782 3201 934 3287 spoliate..
979 3201 1067 3266 Item
1089 3202 1355 3267 excommunica·

298 3324 372 3368 mus
388 3311 423 3369 et
437 3304 757 3371 anathematizamus
773 3305 931 3371 eumdem
944 3326 1005 3392 pro
1020 3326 1060 3371 eo
1076 3304 1170 3390 quod
1189 3306 1227 3371 in
1249 3327 1354 3393 regno

299 3407 482 3494 Templarii
497 3415 533 3475 et
548 3408 768 3494 Hospitalarii
790 3408 969 3475 mobilibus
984 3416 1021 3475 et
1038 3408 1264 3475 immobilibus
1283 3430 1355 3495 spc-

297 3511 372 3577 liati
398 3533 466 3577 non
493 3519 576 3578 sunt
603 3513 701 3599 juxta
730 3520 883 3579 tenorem
912 3514 1004 3599 pacis
1033 3514 1164 3600 integre
1193 3514 1354 3579 restituti.

298 3616 386 3681 Item
412 3638 535 3702 proco
559 3616 652 3702 quod
673 3617 768 3683 tallia
791 3625 828 3684 et
849 3617 1042 3683 exactiones
1069 3623 1185 3682 contra
1212 3615 1355 3681 formam

297 3722 389 3805 pacis
404 3719 446 3786 ab
460 3722 610 3787 ecclesiis
625 3728 661 3786 et
675 3722 887 3787 monasteriis
901 3743 961 3807 per
975 3722 1086 3806 ipsum
1107 3727 1356 3805 extorquentur

298 3824 334 3887 in
356 3845 469 3911 regno.
515 3824 603 3890 Item
625 3826 954 3890 excommunicamus
978 3832 1014 3890 et
1035 3823 1355 3889 anathematizamus

298 3927 455 3993 eumdem
476 3950 537 4013 pro
559 3949 599 3994 eo
622 3928 714 4013 quod
736 3930 773 3994 in
797 3950 901 4015 regno
927 3929 1144 3994 ecclesiarum
1171 3927 1293 4013 prelati
1319 3935 1355 3994 et

298 4029 433 4098 abbates
455 4031 694 4098 cistercienses
710 4040 746 4098 et
760 4032 905 4097 aliorum
928 4031 1085 4097 ordinum
1107 4032 1356 4118 compelluntur
