3292 4809
400 631 538 682 rumor>
560 633 606 681 or
628 634 703 681 run
725 632 970 683 rnnnconmn
992 633 1200 683 auruncus.
1282 616 1324 685 51

320 824 459 888 secono
483 825 849 890 sxoouuoruornon
875 826 955 889 mn
982 826 1205 891 nmosmon
1231 827 1277 892 or

558 923 689 986 unsar
716 924 768 986 Π.
794 924 913 1006 (mas,
935 926 1035 1004 roso).

582 1085 674 1146 [sane
690 1087 747 1134 Bib.
758 1088 816 1134 aer.
826 1087 896 1144 cer„
907 1087 940 1134 11.
950 1085 1015 1147 son]

312 1230 417 1296 Beate
433 1228 534 1295 Petre
549 1229 704 1315 princeps
728 1219 957 1314 apostolorum
979 1236 1015 1295 at
1036 1237 1076 1297 tu
1097 1230 1195 1298 beate
1218 1230 1326 1299 Paule
1409 1268 1417 1277 -

268 1333 384 1400 doctor
409 1334 574 1421 gentium,
598 1333 784 1421 dignamini
807 1354 912 1419 queso
935 1354 1032 1399 aures
1054 1341 1183 1401 vestras
1206 1334 1250 1400 ad
1271 1358 1325 1403 me

267 1439 430 1504 inclinare
443 1459 562 1524 meque
576 1438 757 1503 clementer
769 1436 942 1503 exaudire.
981 1435 1072 1517 Quia
1080 1440 1232 1505 veritatis
1244 1441 1325 1506 estis

267 1542 426 1627 discipuli
441 1550 476 1607 et
487 1548 663 1618 amatores,
675 1541 844 1628 adjuvate,
855 1548 897 1607 ut
908 1542 1088 1608 veritatem
1100 1541 1194 1608 vobis
1204 1542 1324 1622 dicam,

268 1648 359 1712 omni
373 1652 503 1713 remota
517 1645 666 1712 falsitate
682 1668 784 1732 quam
799 1645 936 1712 omnino
952 1644 1184 1723 detestamini3
1207 1655 1248 1712 ut
1261 1647 1326 1713 lra-

267 1758 335 1817 tres
351 1751 416 1816 mei
432 1751 552 1816 melius
564 1750 647 1814 mihi
656 1750 886 1836 adquiescant,
898 1758 934 1817 et
941 1752 1052 1817 sciant
1062 1760 1098 1818 et
1109 1752 1322 1839 intelligant:

268 1856 347 1942 quia
363 1877 406 1921 ex
421 1862 533 1922 vestra
548 1854 671 1920 fiducia
685 1861 763 1939 post
778 1854 890 1920 Deum
905 1861 940 1921 et
955 1864 1096 1922 matrem
1111 1856 1184 1942 ejus
1192 1878 1325 1942 semper

267 1960 433 2047 virginem
449 1958 591 2023 Mariam
606 1960 718 2045 pravis
734 1966 770 2025 et
785 1959 912 2044 iniquis
928 1960 1057 2037 resisto,
1073 1960 1194 2026 vestris
1209 1968 1323 2026 autem

267 2062 421 2129 fidelibus
437 2062 603 2127 auxilium
618 2069 762 2148 praesto.
807 2062 880 2128 Vos
902 2064 993 2129 enim
1014 2064 1126 2130 scitis:
1151 2065 1323 2150 quianon
1452 2073 1454 2077 '

266 2168 411 2234 libenter
434 2166 479 2232 ad
503 2188 637 2232 sacrum
661 2166 812 2251 ordinem
837 2168 980 2244 accessi3
1011 2176 1047 2235 et
1073 2168 1203 2235 invitus
1232 2168 1324 2235 ultra

266 2278 398 2337 montes
414 2293 492 2337 oum
507 2270 644 2337 domino
659 2291 745 2357 papa
761 2270 928 2358 Gregorio
943 2270 1021 2350 abii,
1037 2270 1097 2339 sed
1111 2273 1218 2361 magis
1240 2273 1324 2339 invi·

266 2383 415 2441 tuscum
432 2374 568 2440 domino
583 2396 658 2441 meo
673 2396 760 2461 papa
775 2374 888 2442 Leone
911 2374 956 2441 ad
977 2382 1124 2443 vestram
1145 2377 1323 2462 specialem

267 2480 441 2546 ecclesiam
452 2478 549 2556 redii,
561 2480 598 2543 in
611 2500 678 2565 qua
693 2487 868 2565 utcunque
885 2479 979 2546 vobis
994 2480 1180 2558 deservivi3
1200 2480 1322 2547 deinde

266 2583 365 2650 valde
381 2584 510 2649 invitus
526 2604 602 2648 oum
618 2583 726 2649 multo
742 2582 857 2650 dolore
872 2590 908 2650 et
923 2585 1055 2672 gemitu
1069 2605 1108 2650 ao
1124 2585 1265 2671 planctu
1286 2585 1323 2650 in

265 2688 387 2754 throno
403 2692 515 2754 vestro
530 2687 629 2753 valde
644 2688 805 2776 indignus
820 2709 897 2755 sum
912 2689 1107 2755 collocatus.
1153 2688 1227 2755 Heo
1245 2689 1322 2755 ideo

266 2791 352 2870 dico,
365 2793 445 2878 quia
459 2812 528 2857 non
543 2813 606 2880 ego
622 2814 691 2869 vos,
707 2792 767 2858 sed
782 2814 843 2859 vos
866 2793 1015 2880 elegistis
1038 2814 1091 2859 me
1113 2800 1149 2858 et
1170 2794 1324 2880 gravissi·

266 2918 359 2961 mum
377 2896 509 2981 pondus
525 2903 657 2963 vestrae
680 2897 838 2963 ecclesiae
861 2918 963 2982 supra
985 2919 1038 2963 me
1061 2897 1230 2982 posuistis.
1276 2897 1324 2962 Et

266 3002 346 3087 quia
363 3022 464 3087 super
487 3007 636 3066 montem
653 3001 826 3066 excelsum
848 3023 902 3067 me
926 3001 1072 3087 jussistis
1086 3000 1268 3067 accendere
1283 3023 1322 3067 ac

266 3106 410 3170 clamare
437 3111 538 3190 atque
569 3105 773 3170 annunciare
802 3104 928 3190 populo
959 3104 1026 3171 Dei
1054 3105 1180 3170 scelera
1205 3126 1321 3171 eorum

265 3215 301 3275 et
321 3209 399 3273 filiis
414 3207 574 3274 ecclesiae
597 3215 734 3293 peccata
748 3230 875 3286 eorum,
891 3208 1039 3274 membra
1058 3207 1184 3274 diaboli
1205 3215 1321 3275 contra

265 3334 318 3379 me
344 3319 529 3398 coeperunt
551 3313 725 3400 insurgere
753 3318 789 3378 et
813 3333 922 3398 usque
945 3312 988 3377 ad
1010 3313 1210 3401 sanguinem
1232 3334 1323 3398 prae·

264 3424 482 3503 sumpserunt
496 3417 533 3480 in
547 3437 600 3482 me
616 3435 735 3481 manus
751 3436 829 3482 suas
844 3416 979 3482 inicere.
1020 3415 1216 3482 Astiterunt
1231 3417 1321 3482 enim
1439 3499 1441 3503 Ι

264 3542 360 3607 reges
376 3528 485 3586 terrae
501 3527 537 3585 et
551 3520 718 3605 principes
733 3519 900 3586 seculares
916 3527 952 3586 et
973 3520 1201 3597 ecclesiastici,
1217 3520 1320 3585 aulici

265 3626 368 3691 etiam
383 3631 419 3690 et
433 3624 591 3711 vulgares
607 3630 841 3689 convenerunt
854 3624 889 3688 in
905 3645 1013 3689 unum
1027 3623 1190 3690 adversus
1208 3623 1322 3688 Domi·

264 3750 347 3794 num
370 3736 405 3795 et
426 3727 587 3795 adversus
602 3748 663 3794 vos
685 3727 828 3793 christos
850 3728 933 3814 ejus,
952 3726 1122 3794 dicentes:
1157 3727 1322 3791 “Dirum-

263 3854 382 3919 pamus
413 3833 550 3899 vincula
582 3853 698 3897 eorum
730 3838 766 3897 et
794 3832 994 3917 proiciamus
1024 3853 1045 3897 a
1074 3830 1168 3897 nobis
1200 3831 1320 3918 jugum

263 3936 461 4023 ipsorum”;
484 3942 520 4002 et
535 3942 575 4001 ut
590 3958 642 4001 me
658 3936 794 4001 omnino
810 3944 918 4001 morte
933 3936 989 4003 vel
1012 3936 1115 4002 exilio
1138 3933 1321 4001 confunda·

263 4047 349 4121 rent,
365 4041 481 4107 multis
496 4037 605 4105 modis
621 4040 734 4106 conati
748 4040 880 4105 suntin
896 4060 949 4105 me
964 4040 1151 4128 insurgere.
