3292 4809
323 608 365 673 98
542 622 676 672 amnon
698 619 905 671 minnan
926 620 1157 670 noonrmrrs.

322 791 411 858 versi
434 791 608 879 elegerint,
626 790 718 857 hune
740 789 902 856 honorem
924 788 990 855 Dei
1012 789 1172 855 ecclesiae
1195 796 1297 874 atque
1320 790 1381 853 im-

322 897 406 982 perii
424 903 459 961 et
476 896 563 961 hanc
578 902 708 981 partem
723 902 874 960 nostram
888 892 952 959 sub
966 893 1084 959 eodem
1103 894 1293 979 juramento
1309 900 1381 959 tue-

322 1000 415 1065 bitur
431 1021 561 1085 semper
578 1007 680 1085 atque
696 999 835 1065 tenebit.
882 998 979 1064 Idem
997 1019 1132 1084 quoque
1149 997 1380 1083 juramentum

323 1103 561 1188 archiepiscopi
584 1124 709 1182 omnes,
729 1102 876 1189 episcopi
898 1110 1001 1187 atque
1024 1102 1134 1179 electi,
1156 1102 1216 1186 qui
1236 1099 1381 1166 luerunt

323 1228 463 1272 numero
486 1206 538 1284 40,
561 1228 662 1292 super
683 1215 799 1274 sancta
822 1207 889 1272 Dei
912 1206 1088 1293 evangelia
1110 1226 1213 1269 manu
1234 1207 1380 1290 propria,

323 1311 557 1396 unusquisque
576 1311 640 1376 sub
658 1312 747 1377 stola
764 1333 836 1390 sua,
852 1312 1095 1397 praestiterunt
1117 1317 1153 1375 et
1174 1309 1307 1396 publice
1329 1310 1382 1373 fir-

323 1421 510 1481 maverunt.
560 1414 807 1481 Nichilominus
833 1416 982 1481 universi
999 1415 1175 1501 principes
1201 1414 1380 1491 seculares,

324 1519 395 1583 dux
414 1518 544 1584 scilicet
565 1517 730 1585 Saxoniae
751 1541 790 1585 ao
814 1520 987 1597 Bavariae,
1006 1518 1155 1585 marchio
1173 1516 1379 1584 Adelbertus

324 1623 445 1701 senior,
471 1622 647 1688 Conradus
672 1624 845 1709 palatinus
871 1646 981 1690 comes
1004 1622 1116 1688 Rheni
1139 1626 1175 1687 et
1201 1620 1380 1708 Lodoyous

237 1778 242 1784 .
323 1721 534 1809 lantgravius
552 1743 591 1788 ac
610 1724 734 1809 reliqui
753 1746 879 1801 omues,
894 1746 996 1811 super
1010 1725 1171 1811 reliquias
1185 1733 1380 1791 sanctorum

324 1825 361 1891 id
382 1827 493 1912 ipsum
514 1826 721 1912 juraverunt.
767 1828 920 1914 Repente
943 1836 1057 1894 autem
1077 1828 1221 1916 Spiritus
1243 1838 1380 1896 sanctus

324 1937 454 1996 mentes
470 1932 621 1995 omnium
636 1931 719 1998 adeo
734 1931 818 1997 fecit
832 1932 933 1998 unius
948 1933 1145 2011 voluntatis,
1161 1931 1254 2019 quod
1268 1934 1379 2011 electi,

325 2034 385 2120 qui
413 2042 605 2120 praesentes
630 2035 782 2114 aderant,
808 2037 917 2123 primo
947 2036 1142 2124 Raynaldus
1169 2037 1380 2103 Coloniensis

324 2138 451 2205 electus
475 2147 510 2205 et
530 2139 661 2205 Ytaliae
682 2128 1006 2219 archicancellarius,
1025 2139 1147 2207 deinde
1170 2142 1296 2219 cuncti,
1315 2163 1381 2206 om-

324 2264 384 2309 nes
407 2243 444 2308 in
467 2243 629 2310 sabbatho
653 2250 800 2330 quatuor
822 2252 1014 2331 temporum
1037 2251 1073 2311 et
1097 2244 1232 2311 laudem
1256 2245 1322 2311 Dei
1346 2253 1382 2311 et

324 2346 485 2413 honorem
500 2348 630 2433 imperii
644 2369 754 2414 sacros
769 2349 903 2415 ordines
919 2348 1132 2415 devotissime
1147 2356 1380 2435 susceperunt.

325 2450 484 2518 Firmiter
502 2473 639 2538 quoque
661 2473 681 2517 a
702 2453 797 2518 nobis
817 2459 853 2519 et
874 2452 917 2519 ab
938 2454 1105 2520 universis
1125 2453 1298 2519 decretum
1318 2460 1380 2531 est,

325 2563 375 2634 ut,
391 2557 586 2643 quicunque
602 2564 785 2643 supersunt
800 2557 987 2636 ordinandi,
1001 2559 1038 2622 in
1052 2559 1215 2644 proximis
1234 2566 1382 2643 quatuor

326 2660 532 2747 temporibus
561 2662 718 2727 similiter
743 2668 993 2748 exsequantur3
1022 2662 1174 2749 alioquin
1203 2661 1381 2749 dignitatis

326 2764 461 2842 honore,
478 2766 569 2831 omni
583 2775 711 2832 remota
726 2766 897 2845 dilatione,
913 2767 1100 2853 priventur.
1145 2764 1205 2831 Ad
1218 2766 1282 2832 hoc
1300 2766 1383 2831 hon-

327 2869 469 2937 orabiles
491 2870 595 2958 legati
617 2870 759 2938 illustris
781 2871 880 2937 amici
902 2872 1009 2936 nostri
1033 2870 1227 2955 H(einrioi)
1244 2870 1382 2957 gloriosi

327 2973 518 3062 Anglorum
533 2976 631 3063 regis,
648 2974 691 3040 ad
706 2997 768 3041 nos
783 2976 826 3041 ab
839 2976 913 3061 ipso
927 2974 1124 3052 transmissi,
1136 2975 1173 3038 in
1188 2975 1293 3040 totius
1309 2996 1384 3039 nos·

326 3087 397 3146 trae
413 3080 524 3146 curiae
539 3080 727 3166 praesentia
741 3101 841 3166 super
856 3085 1049 3145 sanctorum
1060 3078 1220 3164 reliquias
1232 3100 1275 3143 ex
1286 3086 1382 3163 parte

327 3184 415 3272 regis
438 3184 584 3272 Angliae
609 3185 703 3250 nobis
725 3185 925 3271 juraverunt
946 3181 1092 3269 publice,
1114 3182 1207 3268 quod
1229 3204 1289 3248 rex
1311 3183 1382 3267 ipse

327 3310 405 3355 oum
420 3295 493 3354 toto
508 3310 569 3355 suo
585 3311 690 3376 regno
705 3289 742 3354 in
756 3295 852 3375 parte
867 3295 983 3353 nostra
998 3287 1144 3354 fideliter
1154 3287 1267 3363 stabit,
1281 3284 1385 3351 domi-

327 3415 409 3458 num
433 3415 555 3479 papam
585 3393 769 3471 Pascalem,
796 3414 899 3479 quem
927 3414 989 3458 nos
1019 3399 1182 3468 tenemus,
1209 3389 1384 3455 nobiscum

326 3497 465 3576 tenebit,
488 3496 530 3563 de
558 3497 712 3564 Rolando
734 3505 849 3563 autem
871 3496 1122 3563 manutenendo
1145 3516 1181 3561 se
1205 3493 1247 3560 de
1271 3500 1383 3559 cetero

327 3622 395 3666 non
410 3602 625 3668 intromittet.

370 3704 440 3771 Nos
456 3728 545 3784 vero,
558 3707 594 3771 in
610 3714 669 3772 tua
686 3705 866 3773 dilectione
883 3713 918 3771 et
932 3704 1095 3771 fidelitate
1111 3704 1290 3789 plurimam
1302 3701 1386 3767 fidu·

326 3810 412 3875 ciam
427 3809 597 3887 habentes,
613 3811 819 3889 mandamus,
837 3812 1003 3876 attentius
1019 3815 1192 3874 monentes
1215 3813 1251 3873 et
1272 3813 1386 3892 postu-

325 3913 444 3992 lantes,
461 3921 638 4000 quatenus,
656 3916 849 3981 convocatis
864 3916 901 3979 in
917 3935 1025 3979 unum
1047 3911 1201 3978 omnibus
1224 3911 1385 3977 ecclesiae

326 4016 491 4095 fidelibus,
507 4018 596 4083 clero
619 4018 789 4097 videlicet,
812 4019 1018 4085 beneficiatis
1041 4023 1077 4082 et
1098 4013 1385 4094 ministerialibus,
