3292 4809
330 588 394 653 144
550 603 683 653 sennar
704 603 911 652 unnrmvrr.
933 604 1161 655 nocuimurs.
1216 583 1219 587 ’

328 795 389 859 per
403 773 555 861 singulos
569 794 699 838 menses
714 771 793 839 dare
816 780 943 839 certam
964 774 1106 860 pecunie
1128 795 1190 860 pro
1213 781 1386 840 construc-

328 878 420 943 tione
448 883 632 942 castrorum
661 898 836 942 novorum.
881 877 970 943 Item
996 878 1326 944 excommunicamus
1349 885 1387 944 et

328 980 646 1047 anathematizamus
662 980 818 1046 eumdem
837 1002 899 1068 pro
918 1003 957 1047 eo
980 981 1072 1068 quod
1094 988 1211 1047 contra
1232 989 1385 1049 tenorem

328 1085 419 1171 pacis
434 1085 463 1149 si
478 1085 538 1171 qui
553 1083 758 1149 adheserunt
780 1085 940 1162 Ecclesie,
956 1085 1052 1150 bonis
1073 1085 1227 1151 omnibus
1249 1086 1386 1172 spoliati

328 1189 465 1254 exulare
482 1195 650 1276 coguntur
665 1195 827 1275 tanquam
841 1190 1028 1275 proscripti,
1044 1190 1206 1256 uxoribus
1221 1197 1257 1258 et
1270 1189 1385 1255 liberis

328 1293 516 1377 captivatis.
554 1291 642 1366 Item
665 1294 993 1359 excommunicamus
1013 1301 1049 1361 et
1064 1294 1384 1361 anathematizamus

329 1395 484 1461 eumdem
509 1418 570 1482 pro
595 1418 635 1463 eo
662 1396 754 1482 quod
779 1419 841 1483 per
863 1399 974 1484 ipsum
1001 1398 1184 1485 impeditur
1209 1399 1385 1486 negotium

329 1500 433 1567 Terre
463 1499 586 1568 Sancte
617 1508 653 1567 et
681 1503 847 1587 reparatio
877 1504 1008 1589 imperii
1037 1503 1211 1568 Romanie.
1257 1500 1385 1567 Omncs

329 1612 445 1671 autem
465 1606 525 1691 qui
546 1606 735 1691 juramento
757 1606 931 1672 fidelitatis
954 1608 986 1673 ei
1008 1613 1168 1673 tenentur
1190 1606 1320 1672 astricti
1341 1604 1387 1671 ab

329 1710 479 1797 ejusdem
502 1710 732 1777 observatione
756 1711 937 1797 juramenti
965 1710 1174 1776 decernimus
1201 1709 1385 1787 absolutos,

200 1821 204 1831 “
328 1836 370 1880 ne
386 1814 450 1881 sibi
464 1814 663 1881 fidelitatem
678 1814 857 1881 observent
872 1814 1045 1881 districtus
1060 1814 1250 1879 inhibentes
1271 1833 1387 1899 quam·

329 1918 387 1983 diu
402 1918 506 1984 inerit
521 1919 658 1985 vinculo
682 1918 1039 1984 excommunicationis
1062 1918 1230 1983 astrictus.
1276 1914 1387 2002 Super

328 2022 596 2109 oppressionibus
613 2044 693 2089 vero
710 2029 745 2088 et
759 2023 834 2087 aliis
850 2021 1100 2109 gravaminibus
1116 2021 1290 2098 nobilium,
1306 2040 1388 2106 pau·

328 2149 455 2213 perum,
470 2127 658 2205 viduarum,
675 2125 900 2212 orphanorum
915 2132 951 2191 et
965 2126 1107 2190 aliorum
1129 2124 1171 2191 de
1193 2144 1309 2211 regno,
1324 2145 1388 2209 pro

329 2231 451 2318 quibus
481 2231 571 2297 idem
601 2230 798 2295 Frederious
828 2230 911 2295 alias
942 2228 1070 2315 juravit
1097 2234 1185 2293 stare
1216 2226 1387 2293 mandatis

327 2335 489 2412 Ecclesia
504 2336 615 2420 ipsum
630 2331 838 2398 intendimus
854 2332 1032 2397 admonere
1048 2332 1134 2400 etin
1149 2331 1221 2417 ipso
1236 2331 1386 2418 negotio,

328 2438 431 2504 dante
446 2439 604 2515 Domino,
619 2436 840 2523 procedemus
858 2438 947 2502 siout
967 2436 1057 2522 juste
1079 2435 1185 2501 fuerit
1205 2433 1389 2520 proceden-

329 2541 420 2606 dum.
459 2540 562 2606 Porro
574 2562 634 2625 pro
646 2538 800 2605 omnibus
812 2546 848 2605 et
862 2539 1006 2626 singulis
1022 2538 1226 2625 supradictis
1241 2558 1302 2624 pro
1314 2538 1389 2623 qui·

327 2645 391 2712 bus
406 2645 517 2710 dictus
533 2642 730 2709 Fredericus
745 2663 765 2707 a
780 2641 875 2707 nobis
896 2641 1080 2730 diligenter
1101 2641 1171 2708 init
1192 2640 1389 2707 admonitus

329 2756 365 2815 et
384 2748 581 2834 frequenter
603 2766 664 2812 nec
687 2767 802 2832 parere
826 2747 969 2824 curavit,
988 2745 1144 2811 eumdem
1167 2743 1389 2824 Fredericum

328 2850 683 2918 excommunicationis
706 2856 742 2914 et
763 2848 985 2914 anathematis
1008 2850 1145 2914 vinculo
1172 2847 1389 2914 innodamus.

329 2955 488 3021 Ceterum
503 2954 584 3038 quia
604 2952 694 3033 idem
716 2951 914 3017 Fredericus
937 2951 979 3016 de
1002 2950 1101 3017 dictis
1124 2958 1160 3017 et
1180 2950 1282 3017 iactis
1304 2953 1389 3029 suis,

328 3059 445 3124 multis
461 3055 683 3123 clamantibus
697 3076 758 3140 per
772 3055 965 3120 universam
979 3056 1075 3140 quasi
1091 3054 1204 3121 orbem
1227 3054 1321 3139 quod
1344 3054 1389 3121 de

328 3162 494 3229 catholica
508 3159 574 3224 fide
589 3160 672 3224 recti
689 3178 768 3223 non·
780 3158 914 3235 sentiat,
929 3165 982 3222 est
1003 3158 1154 3244 graviter
1175 3156 1390 3237 diffamatus,

328 3286 389 3332 nos
404 3264 506 3331 dante
521 3263 669 3332 Domino
685 3282 786 3345 super
799 3259 863 3324 hcc
878 3259 953 3338 loco
968 3281 1030 3324 suo
1049 3268 1085 3325 et
1102 3268 1253 3347 tempore
1276 3282 1392 3347 proce·

329 3369 456 3448 demus,
471 3365 660 3435 secundum
676 3362 767 3448 quod
780 3363 816 3426 in
832 3361 956 3428 talibus
970 3364 1115 3448 requirit
1129 3363 1212 3430 crdo
1226 3364 1323 3451 juris.
