3292 4809
293 618 357 685 146
513 633 647 683 suasor
668 632 876 683 unnrmvsn
896 632 1127 683 nmuunnrs.

292 825 355 869 nos
371 811 406 870 et
420 802 541 870 iratres
559 804 665 869 nostri
688 810 856 889 quantum
878 804 915 867 in
937 802 1032 869 nobis
1054 810 1136 883 erat,
1151 824 1266 891 pacem
1288 825 1350 891 per

293 909 406 974 omnia
421 922 537 974 secum
558 906 679 973 habere
702 927 764 973 neo
787 927 856 971 non
879 927 958 972 cum
979 907 1133 974 omnibus
1155 907 1349 975 hominibus

293 1012 501 1099 optabamus,
517 1012 624 1097 parati
639 1032 770 1097 semper
783 1032 900 1097 paoem
921 1010 986 1077 sibi
1008 1018 1043 1077 et
1064 1012 1349 1097 tranquillitatem

294 1116 372 1182 dare
397 1138 436 1182 ao
463 1115 589 1181 mundo
615 1116 717 1181 etiam
740 1116 907 1181 universo.
961 1115 1008 1181 Et
1030 1116 1111 1201 quia
1132 1117 1348 1202 prelatorum,

293 1221 492 1287 clericorum
507 1220 725 1306 omniumque
742 1219 884 1285 aliorum
899 1218 984 1306 quos
1003 1219 1177 1286 detinebat
1198 1222 1348 1307 captivas

293 1332 329 1392 et
343 1325 493 1391 omnium
507 1331 579 1390 tam
594 1324 791 1391 clericorum
807 1343 911 1410 quam
924 1323 1098 1411 laycorum
1113 1346 1198 1412 qnos
1214 1332 1350 1412 ceperat

292 1430 329 1494 in
344 1430 450 1517 galeis
467 1430 641 1495 restitucio
664 1435 797 1513 poterat
819 1449 891 1494 esse
913 1430 1006 1515 pacis
1028 1429 1211 1515 plurimum
1232 1429 1350 1496 induc·

293 1535 375 1612 tiva,
397 1556 476 1601 eum
497 1540 539 1599 ut
559 1534 637 1600 illos
658 1534 864 1611 restitueret,
887 1554 966 1599 aum
988 1533 1051 1600 hoo
1073 1533 1163 1600 idem
1185 1541 1256 1600 tam
1276 1534 1348 1621 ipsa

293 1660 396 1725 quam
411 1639 464 1704 sui
479 1638 597 1705 nuncii
611 1647 793 1725 antequam
804 1638 848 1704 ad
858 1639 1067 1725 apostolatus
1078 1639 1189 1706 vocati
1201 1660 1349 1706 essemus

293 1742 450 1822 officium,
466 1739 707 1829 promisissent,
723 1744 834 1831 rogari
850 1750 885 1809 et
900 1743 970 1830 peti
985 1742 1115 1830 abipso
1129 1742 1271 1809 fecimus
1288 1764 1350 1830 per

293 1847 492 1925 eosdem-ao
507 1848 648 1934 proponi
663 1848 801 1934 insuper
816 1847 910 1933 quod
924 1845 1027 1913 iidem
1041 1868 1101 1932 pro
1121 1846 1216 1913 nobis
1238 1848 1349 1933 parati

293 1959 391 2019 erant
405 1950 521 2018 audire
536 1959 572 2018 et
586 1959 728 2018 tractare
744 1973 860 2039 paoem
875 1972 914 2017 ao
938 1952 1041 2018 etiam
1062 1949 1179 2018 audire
1200 1950 1351 2017 satisfac·

293 2056 420 2122 tionem
435 2076 538 2142 quam
552 2055 662 2122 facere
678 2056 784 2123 vellet
798 2057 953 2143 princeps
968 2054 1010 2121 de
1025 2054 1180 2122 omnibus
1194 2076 1256 2141 pro
1278 2055 1351 2141 qui·

293 2159 357 2227 bus
372 2160 509 2226 vinculo
524 2160 882 2226 excommunicationis
898 2167 971 2226 erat
993 2160 1161 2238 astrictus,
1176 2166 1213 2226 et
1234 2157 1350 2225 offerri

294 2271 445 2350 preterea
459 2263 553 2350 quod
567 2264 596 2329 si
612 2263 764 2330 Ecclesia
779 2264 909 2330 eumin
924 2264 1038 2350 aliquo
1056 2270 1177 2330 contra
1197 2262 1351 2330 debiturn

294 2368 425 2446 leserat,
446 2367 540 2453 quod
560 2389 629 2432 non
651 2366 816 2446 credebat,
832 2375 949 2454 parata
969 2374 1043 2434 erat
1065 2368 1230 2455 corrigere
1252 2388 1291 2433 aa
1313 2369 1351 2432 in

293 2479 422 2538 statum
436 2471 588 2538 debitum
603 2470 795 2538 reformare.
841 2473 934 2538 Etsi
956 2470 1085 2538 diceret
1104 2472 1176 2558 ipse
1199 2470 1293 2557 quod
1313 2466 1351 2536 in

295 2575 392 2641 nullo
410 2582 528 2641 contra
544 2575 711 2662 justitiam
732 2576 856 2643 leserat
878 2575 1063 2642 Ecclesiam
1085 2575 1142 2643 vel
1167 2573 1260 2662 quod
1287 2596 1351 2643 nos

295 2701 374 2746 eum
396 2686 513 2746 contra
533 2680 702 2766 justiciam
724 2682 925 2760 lesissemus‚
945 2683 1054 2769 parati
1076 2704 1209 2750 eramus
1230 2702 1351 2749 vocare

296 2805 401 2872 reges,
412 2784 557 2870 prelatos
573 2791 609 2851 et
622 2785 790 2872 principes
807 2793 878 2852 tam
893 2780 1137 2854 ecclesiasticos
1147 2806 1250 2872 qnam
1260 2806 1353 2852 secu·

295 2888 381 2953 lares
396 2887 441 2953 ad
455 2887 603 2974 aliquem
618 2896 733 2956 tutum
746 2890 871 2965 locum,
887 2890 945 2957 ubi
960 2912 1020 2977 per
1030 2912 1066 2957 se
1079 2890 1134 2958 vel
1150 2889 1351 2976 sollempnes

296 2992 438 3058 nuncios
457 2992 688 3058 convenirent.
733 2993 885 3079 Eratque
908 3002 1026 3079 parata
1044 2994 1195 3060 Ecclesia
1213 2992 1255 3059 de
1274 3012 1353 3057 aon·

295 3095 372 3163 silio
387 3095 520 3161 consilii
534 3094 597 3161 sibi
612 3095 805 3163 satisfacere
821 3097 851 3163 si
866 3118 945 3162 eum
959 3096 1092 3163 lesisset
1113 3096 1151 3160 in
1172 3094 1297 3179 aliquo,
1313 3114 1353 3159 ac

296 3220 452 3266 revocare
467 3200 674 3265 sentenciam
689 3201 718 3266 si
733 3222 837 3285 quam
853 3208 969 3267 contra
981 3221 1060 3266 eum
1071 3200 1195 3285 injuste
1207 3197 1352 3275 tulisset,

297 3310 333 3371 at
358 3305 552 3371 cumomni
577 3303 835 3371 mansuetudine
863 3326 901 3371 ac
926 3302 1163 3381 misericordia,
1186 3307 1354 3388 quantum

297 3431 374 3475 cum
390 3408 464 3476 Deo
480 3408 654 3475 ethonore
670 3430 731 3474 suo
747 3408 820 3475 fieri
835 3416 976 3494 poterat,
992 3408 1139 3495 recipere
1154 3406 1197 3473 de
1219 3405 1353 3492 injuriis

297 3519 334 3580 et
349 3511 485 3579 offensis
500 3513 565 3599 ipsi
580 3512 731 3579 Ecclesia
748 3513 885 3599 suisque
901 3535 961 3599 per
983 3535 1062 3579 eum
1084 3511 1239 3599 irrogatis
1260 3509 1355 3575 satis·

297 3615 482 3683 factionem
496 3616 538 3682 ab
552 3617 636 3702 ipso.
674 3616 822 3683 Volebat
832 3618 933 3684 etiam
943 3617 1095 3684 Ecclesia
1105 3636 1218 3682 omnes
1230 3613 1353 3679 amicos

271 3722 273 3728 ’
297 3742 376 3788 suos
391 3720 521 3806 sibique
538 3720 737 3786 adherentes
753 3721 788 3785 in
803 3742 884 3807 pace
899 3742 1023 3807 ponere
1043 3720 1210 3806 plenaque
1233 3716 1356 3783 securi·

225 3871 233 3882 -
297 3832 368 3891 tate
384 3823 541 3913 gaudere,
559 3833 594 3891 et
609 3846 786 3910 nunquam
800 3825 862 3892 hac
879 3826 1050 3892 occasione
1066 3828 1204 3909 possent
1214 3818 1355 3906 aliquod

298 3929 409 3996 subire
436 3928 623 3995 discrimen.
678 3926 746 3994 Sed
771 3929 853 3995 licet
878 3931 925 3995 sic
956 3928 1047 4015 apud
1077 3949 1155 3994 eum
1183 3946 1243 4012 pro
1272 3946 1355 4011 paco

298 4033 446 4122 paternis
461 4032 597 4100 monitis
612 4039 649 4099 at
663 4055 802 4120 precum
816 4033 945 4100 isistere
960 4032 1190 4099 curaverimus
1201 4029 1354 4109 lenitate,
