3292 4809
400 662 537 714 rnnron
559 664 606 713 on
627 665 703 713 run
724 664 968 716 relucemus
989 666 1196 717 nurnnoas.
1281 650 1324 716 65

268 830 311 897 lis
336 851 423 918 papa
448 833 625 900 resedisset
649 856 727 900 cum
753 835 1012 921 archiepiscopis
1034 843 1071 902 et
1092 835 1265 921 episcopis,
1289 844 1325 902 et

269 935 493 1003 cardinalibus
523 944 560 1003 et
588 937 773 1017 abbatibus,
800 946 836 1005 ct
861 941 954 1006 varia
981 940 1203 1028 multitudine
1232 941 1325 1007 cleri-

268 1060 385 1105 corum
414 1047 451 1106 et
478 1040 650 1120 laicorum,
681 1042 801 1107 ultima
831 1043 886 1109 die
916 1045 1061 1122 concilii,
1091 1043 1182 1111 facta
1213 1065 1324 1111 coram

268 1143 423 1209 omnibus
451 1144 657 1231 professione
688 1146 855 1213 catholice
884 1146 973 1227 fidei,
1005 1170 1048 1215 ne
1080 1149 1157 1236 quis
1187 1148 1229 1215 de
1258 1148 1323 1214 fide

267 1248 372 1333 ipsius
406 1248 589 1328 dubitaret,
607 1249 713 1316 dixit:
745 1250 974 1337 “Amplector
1008 1274 1147 1318 omnem·
1174 1253 1323 1319 divinam

267 1352 478 1437 scripturam,
504 1354 636 1420 scilicet
665 1356 788 1421 veteris
810 1363 847 1421 et
868 1355 949 1421 novi
978 1357 1183 1434 testamenti,
1213 1357 1324 1445 legem

268 1478 289 1522 a
311 1457 429 1544 Moyse
451 1458 621 1543 scriptam,
643 1466 679 1525 et
699 1479 720 1523 a
741 1462 865 1527 sanctis
891 1460 1075 1546 prophetis.
1126 1460 1324 1546 Amplector

269 1567 415 1646 quatuor
428 1562 613 1649 evangelia,
628 1571 757 1647 septem
780 1564 957 1629 canonicas
979 1564 1149 1650 epistolas,
1166 1565 1323 1649 epistolas

268 1665 407 1752 gloriosi
429 1664 575 1731 doctoris
598 1665 687 1731 beati
711 1666 812 1732 Pauli
838 1668 991 1753 apostoli,
1014 1676 1148 1733 sanctos
1179 1689 1323 1734 canones

268 1777 461 1835 sanctorum
490 1770 729 1855 apostolorum,
759 1779 907 1857 quatuor
936 1772 1140 1837 universalia
1170 1772 1322 1850 concilia,

269 1875 359 1940 sicut
373 1881 519 1960 quatuor
533 1874 718 1962 evangelia,
730 1874 910 1953 Niccnum,
926 1875 1145 1961 Ephesinum,
1162 1874 1323 1941 Constan-

268 1978 540 2065 tinopolitanum,
565 1976 859 2056 Calcedcnensem,
882 1986 918 2045 et
939 1978 1194 2045 Antiochenum
1217 1980 1324 2045 conci·

267 2084 362 2161 lium,
378 2090 413 2149 et
435 2082 570 2149 decreta
590 2089 783 2148 sanctorum
804 2090 950 2169 patrum
966 2083 1195 2149 Romanorum
1216 2084 1324 2169 ponti-

268 2187 380 2265 ficum,
403 2193 439 2253 et
459 2187 618 2271 precipue
641 2186 770 2251 domini
799 2188 866 2253 mei
891 2208 977 2273 pape
1001 2186 1157 2274 Gregorii
1183 2186 1265 2264 VII,
1288 2194 1324 2253 et

268 2293 357 2360 beati
373 2294 529 2359 memorie
544 2313 630 2378 pape
646 2290 776 2356 Urbani
790 2291 940 2357 secundi.
987 2289 1062 2370 Qua
1078 2292 1144 2376 ipsi
1166 2290 1323 2357 laudave·
1412 2336 1414 2341 ,

268 2404 359 2475 runt,
374 2396 492 2475 laudo;
515 2418 582 2483 que
597 2400 793 2473 tenuerunt,
806 2401 923 2471 tene03
947 2415 1014 2480 que
1030 2394 1322 2471 confirmaverunt,

181 2584 186 2592 Ἴ
269 2502 447 2579 confirm03
477 2522 544 2587 que
574 2499 854 2585 dampnaverunt,
880 2497 1044 2583 dampn03
1074 2520 1141 2584 que
1171 2498 1324 2584 reppule-

269 2612 361 2683 runt,
383 2606 530 2691 repello;
560 2626 626 2689 quc
649 2603 910 2680 interdixerunt,
933 2602 1118 2679 interdi003
1149 2624 1215 2688 que
1238 2603 1323 2688 proi·

269 2688 426 2787 buerunt,
449 2708 603 2795 proibe03
625 2709 662 2772 in
684 2706 839 2773 omnibus
861 2714 898 2772 et
919 2728 978 2792 per
999 2707 1130 2783 omnia3
1152 2707 1247 2772 etin
1268 2706 1322 2772 his

269 2834 400 2899 semper
429 2810 677 2898 perseverabo.”
739 2810 870 2890 Quibus
900 2809 1055 2896 expletis,
1085 2811 1233 2876 surrexit
1261 2831 1322 2895 pro

269 2916 424 2982 omnibus
448 2914 612 2980 Girardus
636 2913 889 3002 Ingclismensis
911 2914 1098 2999 episcopus,
1121 2914 1262 3001 legatus
1285 2915 1322 2978 in

269 3020 468 3106 Aquitania,
484 3027 519 3086 et
541 3020 712 3084 communi
734 3039 871 3083 assensu
894 3017 1020 3082 domini
1043 3017 1214 3083 Paschalis
1236 3039 1321 3104 pape

269 3124 443 3210 totiusque
455 3123 590 3189 concilii
604 3143 715 3188 coram
727 3121 881 3187 omnibus
899 3122 984 3208 legit
998 3121 1085 3186 hanc
1101 3122 1320 3208 scripturam:

270 3227 523 3315 “Privilegium
544 3226 633 3291 illud
654 3225 747 3312 quod
768 3247 837 3291 non
856 3232 908 3290 cst
927 3225 1153 3311 privilegium,
1167 3225 1229 3291 sed
1243 3248 1322 3293 vera

271 3336 372 3403 debet
396 3333 465 3398 dici
490 3332 720 3418 privilegium,
742 3351 804 3416 pro
834 3328 1032 3395 liberatione
1056 3330 1267 3415 captivorum
1288 3338 1323 3396 ct

269 3435 407 3501 ecclesie
430 3457 451 3500 a
473 3434 608 3500 domino
630 3454 716 3520 papa
740 3455 801 3519 per
822 3433 1021 3499 violentiam
1051 3432 1204 3499 Heinrici
1232 3436 1322 3521 regis

235 3570 241 3580 ·
270 3549 451 3620 extortum,
464 3563 524 3607 nos
540 3562 656 3607 omnes
671 3542 707 3605 in
722 3540 786 3606 hoc
801 3548 920 3606 sancto
935 3540 1079 3605 concilio
1094 3562 1172 3607 cum
1187 3541 1323 3608 domino

270 3645 426 3712 Paschali
440 3667 527 3732 papa
542 3646 747 3732 congregati,
760 3645 955 3710 canonicam
970 3666 1155 3723 censuram,
1171 3652 1206 3711 et
1221 3647 1324 3712 eccle·

269 3751 403 3817 siastica
425 3750 623 3815 auctoritate
645 3749 772 3834 judicio
794 3749 903 3813 sancti
926 3746 1072 3833 Spiritus
1091 3748 1322 3834 dampnamus,

270 3862 306 3921 et
327 3855 461 3920 irritum
483 3875 554 3920 esse
580 3850 778 3938 judicamus,
802 3859 905 3937 atque
928 3853 1064 3918 omnino
1087 3873 1264 3932 cassamus,
1288 3862 1324 3919 et

270 3959 419 4045 nequid
444 3958 655 4024 auctoritatis
678 3962 714 4021 et
735 3954 943 4021 efficacitatis
973 3955 1079 4033 abeat,
1101 3958 1238 4042 penitus
1269 3979 1324 4023 ex·

271 4063 565 4129 communicamus.
611 4061 658 4126 Et
679 4060 742 4125 hoc
764 4059 841 4126 ideo
864 4058 1084 4145 dampnatum
1104 4069 1166 4140 est,
1184 4062 1265 4149 quia
1286 4063 1323 4127 in
