3292 4809
535 624 611 672 rrrn
632 622 935 674 nonuusrnnrmr
956 622 1103 673 rnrron.
1282 605 1346 671 109

294 801 408 860 nostro
425 792 620 860 Coloniensi
634 794 882 879 archiepiscopo
902 794 1031 880 recepit
1052 802 1255 881 utrumque3
1277 793 1347 860 Nos

294 900 414 984 utique
430 920 497 963 non
513 896 645 976 ducem,
660 897 719 963 sed
734 899 905 984 reliquum
926 906 1121 983 reputamus
1144 907 1180 965 et
1202 898 1349 964 nomina·

295 1025 369 1069 mus
384 1023 496 1089 regem
511 1002 643 1087 justitia
658 1002 827 1089 exigente.
859 1002 901 1066 In
915 1002 1147 1087 reprobatione
1162 1024 1242 1068 vero
1256 1024 1349 1088 prae·

294 1109 358 1174 fati
388 1106 536 1192 Philippi
560 1105 656 1171 ducis
680 1104 823 1172 Suaviae
847 1114 985 1192 propter
1008 1106 1187 1173 manifesta
1212 1106 1349 1193 impedi-

294 1221 408 1280 menta
436 1234 596 1299 personae
626 1233 695 1276 non
725 1212 950 1289 accusatione,
981 1210 1041 1277 sed
1070 1210 1347 1277 condemnatione

293 1320 407 1405 potius
428 1317 497 1383 fuit
518 1338 611 1402 opust,
635 1317 715 1401 quia
736 1338 805 1381 non
827 1316 1051 1394 accusatione,
1069 1314 1131 1382 sed
1152 1315 1349 1381 condemna·

294 1424 386 1489 tione
401 1421 556 1509 indigent
570 1420 758 1486 manifesta.
806 1419 909 1500 Quod
923 1428 1048 1498 autem,
1063 1442 1170 1506 quum
1183 1420 1220 1483 in
1236 1420 1348 1486 electi·

294 1548 357 1593 one
381 1533 460 1593 vota
481 1526 673 1612 principum
696 1523 905 1602 dividuntur,
928 1532 1005 1610 post
1028 1523 1291 1589 admonitionem
1313 1532 1348 1590 et

294 1631 582 1716 exspectationem
604 1630 701 1695 alteri
719 1630 867 1713 partium
882 1628 995 1694 favere
1011 1629 1187 1713 possimus,
1203 1629 1346 1693 maxime

293 1743 472 1819 postquam
487 1756 507 1799 a
522 1733 615 1799 nobis
630 1734 759 1811 unctio,
774 1734 981 1799 consecratio
997 1739 1033 1798 et
1048 1732 1218 1797 coronatio
1234 1739 1347 1817 postu·

293 1839 419 1916 lantur,
434 1840 524 1904 sicut
537 1846 682 1923 utraque
697 1859 772 1924 pars
794 1860 815 1903 a
837 1838 933 1904 nobis
955 1838 1128 1903 multoties
1150 1837 1346 1923 postulavit,

294 1965 337 2009 ex
360 1943 433 2030 jure
457 1950 553 2029 patet
574 1943 701 2028 pariter
723 1940 759 2008 et
783 1943 945 2027 exemplo.
994 1941 1171 2027 Numquid
1194 1942 1294 2019 enim,
1317 1942 1346 2006 si

293 2048 461 2133 principes
476 2046 638 2112 admoniti
657 2053 693 2112 et
710 2048 895 2132 exspectati
911 2047 967 2113 vel
989 2068 1058 2111 non
1079 2052 1274 2131 potuerunt,
1290 2046 1347 2111 rel

294 2151 477 2217 noluerunt
497 2152 534 2215 in
553 2171 659 2215 unum
674 2151 886 2236 propositum
901 2152 1090 2228 convenire,
1106 2149 1202 2216 sedes
1218 2157 1348 2236 aposto·

292 2255 359 2321 lica
377 2254 540 2321 advocato
555 2262 591 2321 et
605 2254 778 2320 defensore
801 2254 938 2332 carebit,
954 2276 1137 2339 eorumque
1161 2253 1262 2339 culpa
1283 2254 1347 2339 ipsi

293 2358 495 2424 redundabit
508 2360 546 2423 in
560 2358 725 2443 poenam?
769 2358 891 2424 Sciunt
906 2367 1019 2424 autem
1039 2359 1206 2444 principes
1229 2363 1265 2423 et
1287 2364 1348 2423 tua

294 2463 451 2529 nobilitas
474 2484 541 2528 non
564 2464 707 2550 ignorat,
724 2463 826 2549 quod,
844 2487 950 2549 quum
973 2464 1152 2530 Loth-arius
1175 2471 1211 2530 et
1231 2462 1348 2529 Corra·

295 2567 358 2632 dus
394 2568 431 2632 in
464 2566 630 2632 discordia
663 2566 809 2634 fuissent
837 2569 947 2647 electi,
978 2570 1148 2635 Romanus
1186 2568 1347 2635 Pontifex

295 2670 493 2736 Lotharium
515 2672 697 2748 coronavit,
720 2679 756 2737 et
781 2673 959 2758 imperium
986 2673 1134 2739 obtinuit
1157 2680 1345 2750 coronatus,

294 2774 411 2841 eodem
427 2774 573 2840 Corrado
588 2782 671 2840 tunc
688 2774 823 2840 demum
846 2777 890 2842 ad
913 2778 984 2862 ejus
1007 2778 1150 2864 gratiam
1172 2775 1345 2842 redeunte.

295 2878 362 2945 Eos
380 2880 486 2967 igitur
502 2879 660 2945 duximus
676 2882 945 2960 commonendos
961 2890 1011 2959 ut,
1027 2884 1116 2948 siout
1137 2904 1198 2948 nos
1220 2904 1241 2947 a
1262 2882 1345 2967 juris

293 2984 443 3068 ipsorum
459 3005 626 3048 cessamus
641 2984 774 3070 injuria,
791 2986 839 3051 sio
855 2987 919 3072 ipsi
935 2994 1052 3052 contra
1073 2987 1126 3073 jus
1142 2994 1295 3052 nostrum
1310 3008 1345 3052 se

294 3108 509 3173 nequaquam
532 3088 709 3175 injuriosos
734 3089 924 3168 ostendant,
948 3091 1009 3156 sed
1032 3113 1052 3156 a
1075 3090 1226 3178 praefato
1251 3091 1346 3169 duce,

293 3191 385 3277 justo
411 3191 549 3277 quidem
578 3213 598 3256 a
628 3193 722 3259 nobis
751 3194 877 3280 judicio
904 3191 1091 3280 reprobato,
1117 3194 1286 3273 recedant,
1312 3203 1348 3261 et

294 3294 446 3381 praefato
468 3297 540 3383 regi
565 3295 686 3362 Ottoni
708 3320 779 3363 non
800 3298 951 3364 abnuant
973 3299 1162 3377 adhaerere,
1177 3300 1242 3365 nisi
1264 3307 1346 3365 tunc

294 3398 430 3465 demum
445 3408 562 3466 contra
576 3423 752 3488 personam
768 3404 823 3469 vel
838 3402 968 3468 factum
987 3403 1177 3490 legitimum
1200 3402 1283 3488 quid
1305 3403 1347 3469 ab

294 3505 341 3569 eis
353 3504 521 3590 objectum
536 3505 641 3571 fuerit
656 3514 691 3571 et
706 3514 889 3572 ostensum.
934 3506 1000 3592 (Et
1014 3507 1138 3591 infraz)
1157 3506 1245 3571 Sunt
1257 3507 1346 3572 enim

293 3610 424 3675 notoria
439 3610 677 3696 impedimenta
692 3608 787 3676 ducis
806 3608 962 3688 Suaviae,
977 3603 1106 3677 scilicet
1122 3611 1347 3676 excommuni·
1474 3605 1477 3611 ’

294 3713 382 3779 catio
394 3713 538 3799 publica,
550 3714 734 3800 perjurium
749 3713 975 3792 manifestum,
987 3722 1023 3781 et
1037 3715 1226 3799 persecutio
1239 3712 1347 3780 divul-

293 3823 382 3903 gata,
399 3839 500 3901 quam
515 3819 745 3904 progenitores
761 3819 834 3904 ejus
850 3827 885 3884 et
899 3820 970 3903 ipse
993 3823 1289 3905 praesumpserunt
1309 3818 1346 3882 in

293 3921 510 4005 apostolicam
539 3921 654 3988 sedem
680 3929 716 3987 et
744 3922 827 3987 elias
857 3923 1014 3988 ecclesias
1044 3943 1207 3987 exercere.
1265 3921 1347 3987 Fuit

292 4045 429 4112 quoque
453 4046 474 4091 a
496 4025 602 4091 bonae
626 4026 802 4092 memoriae
825 4025 1016 4093 Caelestino
1044 4025 1137 4113 Papa
1158 4024 1347 4113 praedeees-
