3292 4809
538 628 613 675 run
634 627 939 677 uonursrnurnu
960 630 1106 679 ruarou.
1285 612 1351 681 103

339 795 389 862 21.
422 795 473 862 De
490 796 735 883 Argentinensi
751 804 865 862 autem
887 804 923 863 et
945 797 1123 862 Basiliensi
1145 796 1245 864 dictis
1267 800 1350 885 epis·

294 900 396 985 copis,
409 901 469 985 qui
481 900 626 965 ordinati
638 900 779 965 fuerunt
794 922 814 965 a
832 900 987 967 Guidone
1001 901 1173 967 Oremcnsi
1185 902 1221 966 in
1233 902 1351 968 codem

294 1025 408 1091 regno,
424 1025 444 1068 a
459 1003 617 1090 predictis
633 1004 875 1070 mediatoribus
891 1005 1123 1071 committetur
1146 1005 1182 1069 X
1196 1006 1252 1072 vel
1275 1014 1351 1073 octo

295 1130 379 1197 quos
405 1109 471 1194 ipsi
494 1108 668 1196 elegerint,
692 1110 752 1195 qui
778 1110 920 1194 prestito
945 1109 1136 1195 juramento
1157 1109 1363 1189 firmabunt,-

294 1213 387 1301 quod
408 1212 496 1278 illud
519 1213 699 1279 consilium
722 1212 764 1279 de
786 1213 868 1299 ipsis
891 1213 1043 1279 Romano
1066 1214 1217 1299 pontifici
1239 1221 1276 1281 et
1297 1214 1352 1281 do

294 1320 385 1385 mino
399 1318 593 1404 imperatori
610 1317 740 1383 dabunt
755 1317 848 1403 quod
862 1317 1010 1384 viderint
1024 1340 1060 1383 se
1075 1319 1234 1384 canonice
1254 1341 1350 1405 posse

294 1423 373 1489 dare
389 1423 515 1509 absque
531 1422 680 1508 periculo
703 1422 834 1487 scilicet
855 1423 966 1487 anime
989 1421 1117 1488 domini
1138 1444 1224 1508 pape
1239 1430 1275 1489 et
1297 1423 1352 1489 do

294 1527 378 1592 mini
404 1527 612 1613 imperatoris
638 1533 674 1592 et
703 1547 773 1604 sue,
801 1533 837 1592 ct
863 1526 1019 1591 dominus
1044 1548 1132 1613 papa
1157 1526 1352 1613 adquiescet

294 1653 411 1697 eorum
426 1631 575 1696 consilio.

339 1734 392 1799 22.
422 1734 588 1799 Dominus
609 1742 723 1800 autem
746 1756 834 1821 papa
856 1742 892 1802 et
914 1757 1031 1802 omnes
1054 1733 1240 1801 cardinales
1262 1734 1353 1801 siout

293 1846 495 1925 receperunt
532 1838 708 1904 dominum
746 1840 982 1925 imperatorem
1020 1830 1279 1935 F(redericum)
1312 1839 1350 1903 in

294 1944 520 2009 Romanorum
544 1950 580 2009 et
604 1943 808 2009 catholicum
839 1944 1083 2030 imperatorem,
1109 1943 1158 2009 ita
1187 1943 1351 2028 recipient

295 2047 523 2133 B(eatriccm)
555 2046 690 2113 felicem
719 2069 861 2114 uxorem
897 2049 970 2134 ejus
1006 2049 1043 2112 in
1080 2048 1279 2114 catholicam
1316 2054 1351 2113 ct

295 2152 523 2217 Romanorum
537 2152 794 2237 imperatricem,
810 2153 859 2218 ita
874 2160 988 2218 tamen
1008 2152 1101 2238 quod
1122 2154 1195 2239 ipsa
1216 2174 1351 2219 corone·

294 2264 351 2322 tur
374 2277 394 2322 a
421 2256 556 2322 domino
580 2278 667 2343 papa
691 2256 930 2342 A(lexandrc)
956 2256 1011 2321 vel
1041 2277 1061 2320 a
1089 2257 1203 2344 legato
1233 2257 1350 2341 ipsius.

294 2360 481 2426 Dominum
497 2368 611 2427 autem
628 2360 816 2427 Henricum
831 2360 940 2425 filium
955 2381 1070 2425 eorum
1092 2361 1128 2424 in
1147 2360 1351 2427 catholicum

293 2487 407 2553 regem
422 2465 596 2551 recipient,

339 2569 390 2634 23.
423 2568 546 2635 Pacem
571 2569 673 2635 etiam
699 2590 815 2636 veram
841 2568 986 2635 reddent
1015 2567 1172 2635 dominus
1201 2591 1287 2656 papa
1316 2577 1353 2635 et

294 2673 480 2739 cardinales
511 2672 646 2739 domino
677 2673 871 2760 imperatori
902 2672 1122 2759 F(rederico)
1153 2679 1188 2738 et
1217 2672 1352 2739 domine

293 2777 499 2862 imperatrici
525 2777 714 2863 B(eatrici)
739 2785 775 2843 et
802 2777 952 2843 Henrico
976 2778 1048 2864 regi
1074 2778 1144 2842 fflio
1170 2799 1287 2844 eorum
1316 2785 1352 2843 et

294 2882 460 2947 universis
482 2880 692 2967 adjutoribus
715 2882 875 2968 ipsorum,
891 2881 993 2948 salvis
1017 2904 1083 2967 que
1107 2881 1148 2947 de
1171 2881 1353 2967 spirituali-

294 2985 356 3051 bus
377 2984 588 3071 dispositioni
601 2993 646 3052 'et
667 2986 790 3072 juditio
812 2985 940 3051 domini
963 3007 1048 3072 pape
1068 2985 1298 3070 A(lexandri)
1316 2994 1353 3052 et

295 3089 444 3155 Romane
460 3090 601 3156 ecclesie
617 3090 765 3176 presenti
787 3091 913 3176 scripto
936 3089 1178 3176 relinquuntur
1200 3097 1236 3155 et
1257 3090 1352 3156 salvo

295 3194 387 3258 omni
401 3193 475 3280 jure
492 3194 642 3259 Romane
658 3193 797 3259 ecclesie
814 3193 974 3259 adversus
990 3193 1217 3260 detentatores
1239 3215 1352 3259 rerum

294 3297 385 3363 beati
409 3296 503 3363 Petri
529 3304 565 3362 et
590 3297 692 3364 salvis
718 3298 771 3363 his
798 3319 865 3383 que
890 3298 1074 3384 prescripta
1096 3305 1177 3364 sunt
1198 3304 1269 3363 tam
1290 3320 1351 3384 pro

294 3408 391 3487 parte
416 3400 554 3468 ecclesie
578 3423 681 3487 quam
704 3423 765 3487 pro
791 3409 888 3487 parte
918 3401 1045 3468 domini
1076 3402 1286 3488 imperatoris
1316 3411 1352 3469 et

294 3505 435 3591 imperii.

339 3609 392 3674 24.
424 3608 548 3676 Pacem
561 3631 641 3676 vero
656 3608 841 3695 predictam
856 3611 1028 3696 promittit
1042 3610 1197 3677 dominus
1212 3631 1298 3696 papa
1315 3632 1351 3677 sc

295 3714 551 3780 observatruum
568 3713 605 3777 in
619 3713 722 3779 verbo
737 3715 891 3780 veritatis
914 3721 950 3780 et
971 3736 1086 3781 omnes
1108 3713 1294 3780 cardinales
1318 3722 1352 3780 ct

295 3818 511 3905 privilegium
526 3816 606 3883 inde
621 3816 726 3884 faciet
743 3840 821 3884 cum
843 3819 1089 3905 subscriptione
1112 3820 1262 3884 omnium
1284 3840 1353 3884 car-

296 3920 470 3988 dinalium.
507 3921 578 4007 Ipsi
593 3922 695 3988 etiam
710 3922 895 3989 cardinales
910 3924 1074 4009 scriptum
1090 3922 1351 3989 confirmationis

295 4025 444 4112 predicte
453 4026 545 4113 pacis
556 4024 683 4093 iaciant
693 4047 773 4092 cum
783 4027 993 4114 appositione
1005 4027 1194 4117 sigillorum
1202 4048 1350 4094 suorum.
