<?xml version="1.0" encoding="UTF-8"?>
<!DOCTYPE html PUBLIC "-//W3C//DTD XHTML 1.0 Transitional//EN"
    "http://www.w3.org/TR/xhtml1/DTD/xhtml1-transitional.dtd">
<html xmlns="http://www.w3.org/1999/xhtml" xml:lang="en" lang="en">
 <head>
  <title>
</title>
<meta http-equiv="Content-Type" content="text/html;charset=utf-8" />
  <meta name='ocr-system' content='tesseract 3.04.00' />
  <meta name='ocr-capabilities' content='ocr_page ocr_carea ocr_par ocr_line ocrx_word'/>
</head>
<body>
  <div class='ocr_page' id='page_1' title='image "./selectmediaeval01mathgoog_0132.png"; bbox 0 0 3292 4809; ppageno 0'>
   <div class='ocr_carea' id='block_1_1' title="bbox 324 583 1157 649">
    <p class='ocr_par' dir='ltr' id='par_1_1' title="bbox 324 583 1157 649">
     <span class='ocr_line' id='line_1_1' title="bbox 324 583 1157 649; baseline -0.002 -2"><span class='ocrx_word' id='word_1_1' title='bbox 324 583 387 648; x_wconf 82' lang='lat'><strong>126</strong></span> <span class='ocrx_word' id='word_1_2' title='bbox 543 599 676 649; x_wconf 86' lang='lat' dir='ltr'><strong>snnncr</strong></span> <span class='ocrx_word' id='word_1_3' title='bbox 699 598 906 647; x_wconf 72' lang='lat' dir='ltr'><strong>unnrmvnr.</strong></span> <span class='ocrx_word' id='word_1_4' title='bbox 927 596 1157 647; x_wconf 70' lang='lat' dir='ltr'><strong>nocnmrs.</strong></span> 
     </span>
    </p>
   </div>
   <div class='ocr_carea' id='block_1_2' title="bbox 322 764 1411 4089">
    <p class='ocr_par' dir='ltr' id='par_1_2' title="bbox 322 764 1411 4089">
     <span class='ocr_line' id='line_1_2' title="bbox 323 764 1379 854; baseline -0.002 -22"><span class='ocrx_word' id='word_1_5' title='bbox 323 769 457 854; x_wconf 83' lang='lat' dir='ltr'><strong>ruptela</strong></span> <span class='ocrx_word' id='word_1_6' title='bbox 472 767 620 835; x_wconf 82' lang='lat' dir='ltr'><strong>detinuit</strong></span> <span class='ocrx_word' id='word_1_7' title='bbox 631 768 817 834; x_wconf 83' lang='lat' dir='ltr'><strong>exercitum</strong></span> <span class='ocrx_word' id='word_1_8' title='bbox 833 767 1063 843; x_wconf 90' lang='lat' dir='ltr'><strong>christianum,</strong></span> <span class='ocrx_word' id='word_1_9' title='bbox 1076 764 1167 851; x_wconf 92' lang='lat' dir='ltr'><strong>quod</strong></span> <span class='ocrx_word' id='word_1_10' title='bbox 1182 784 1250 829; x_wconf 91' lang='lat' dir='ltr'><strong>non</strong></span> <span class='ocrx_word' id='word_1_11' title='bbox 1265 764 1379 830; x_wconf 90' lang='lat' dir='ltr'><strong>solum</strong></span> 
     </span>
     <span class='ocr_line' id='line_1_3' title="bbox 324 868 1379 960; baseline -0.002 -22"><span class='ocrx_word' id='word_1_12' title='bbox 324 894 445 960; x_wconf 90' lang='lat' dir='ltr'><strong>magna</strong></span> <span class='ocrx_word' id='word_1_13' title='bbox 460 893 536 959; x_wconf 87' lang='lat' dir='ltr'><strong>pars</strong></span> <span class='ocrx_word' id='word_1_14' title='bbox 551 872 668 957; x_wconf 90' lang='lat' dir='ltr'><strong>plebis,</strong></span> <span class='ocrx_word' id='word_1_15' title='bbox 684 893 802 938; x_wconf 84' lang='lat' dir='ltr'><strong>verum</strong></span> <span class='ocrx_word' id='word_1_16' title='bbox 824 873 926 938; x_wconf 91' lang='lat' dir='ltr'><strong>etiam</strong></span> <span class='ocrx_word' id='word_1_17' title='bbox 948 892 1016 936; x_wconf 93' lang='lat' dir='ltr'><strong>non</strong></span> <span class='ocrx_word' id='word_1_18' title='bbox 1039 868 1169 935; x_wconf 91' lang='lat' dir='ltr'><strong>modica</strong></span> <span class='ocrx_word' id='word_1_19' title='bbox 1191 870 1379 936; x_wconf 90' lang='lat' dir='ltr'><strong>multitudo</strong></span> 
     </span>
     <span class='ocr_line' id='line_1_4' title="bbox 323 975 1379 1063; baseline 0.002 -22"><span class='ocrx_word' id='word_1_20' title='bbox 323 976 486 1041; x_wconf 86' lang='lat' dir='ltr'>nobilium</span> <span class='ocrx_word' id='word_1_21' title='bbox 516 983 552 1042; x_wconf 91' lang='lat' dir='ltr'><strong>et</strong></span> <span class='ocrx_word' id='word_1_22' title='bbox 580 984 778 1063; x_wconf 90' lang='lat' dir='ltr'><strong>magnatum</strong></span> <span class='ocrx_word' id='word_1_23' title='bbox 810 975 1013 1061; x_wconf 81' lang='lat' dir='ltr'>pestilentia,</span> <span class='ocrx_word' id='word_1_24' title='bbox 1042 976 1117 1041; x_wconf 88' lang='lat' dir='ltr'><strong>sitis</strong></span> <span class='ocrx_word' id='word_1_25' title='bbox 1153 975 1311 1042; x_wconf 90' lang='lat' dir='ltr'><strong>ariditate</strong></span> <span class='ocrx_word' id='word_1_26' title='bbox 1342 984 1379 1043; x_wconf 89' lang='lat' dir='ltr'><strong>et</strong></span> 
     </span>
     <span class='ocr_line' id='line_1_5' title="bbox 323 1078 1380 1167; baseline 0.002 -22"><span class='ocrx_word' id='word_1_27' title='bbox 323 1081 440 1146; x_wconf 88' lang='lat' dir='ltr'><strong>multis</strong></span> <span class='ocrx_word' id='word_1_28' title='bbox 462 1079 793 1146; x_wconf 77' lang='lat' dir='ltr'><strong>incommoditatibus</strong></span> <span class='ocrx_word' id='word_1_29' title='bbox 820 1079 998 1165; x_wconf 85' lang='lat' dir='ltr'><strong>expiravit.</strong></span> <span class='ocrx_word' id='word_1_30' title='bbox 1055 1080 1149 1146; x_wconf 89' lang='lat' dir='ltr'><strong>Inter</strong></span> <span class='ocrx_word' id='word_1_31' title='bbox 1175 1101 1261 1167; x_wconf 92' lang='lat' dir='ltr'><strong>quos</strong></span> <span class='ocrx_word' id='word_1_32' title='bbox 1287 1078 1380 1147; x_wconf 83' lang='lat' dir='ltr'><strong>defc-</strong></span> 
     </span>
     <span class='ocr_line' id='line_1_6' title="bbox 323 1183 1380 1273; baseline 0.001 -23"><span class='ocrx_word' id='word_1_33' title='bbox 323 1192 442 1250; x_wconf 91' lang='lat' dir='ltr'><strong>cernnt</strong></span> <span class='ocrx_word' id='word_1_34' title='bbox 463 1183 548 1250; x_wconf 93' lang='lat' dir='ltr'><strong>bone</strong></span> <span class='ocrx_word' id='word_1_35' title='bbox 571 1185 729 1250; x_wconf 85' lang='lat' dir='ltr'><strong>memorie</strong></span> <span class='ocrx_word' id='word_1_36' title='bbox 752 1183 872 1249; x_wconf 92' lang='lat' dir='ltr'><strong>nobilis</strong></span> <span class='ocrx_word' id='word_1_37' title='bbox 888 1184 940 1250; x_wconf 87' lang='lat' dir='ltr'><strong>vir</strong></span> <span class='ocrx_word' id='word_1_38' title='bbox 956 1183 1182 1272; x_wconf 85' lang='lat' dir='ltr'><strong>Lantgravius</strong></span> <span class='ocrx_word' id='word_1_39' title='bbox 1200 1194 1236 1252; x_wconf 91' lang='lat' dir='ltr'><strong>et</strong></span> <span class='ocrx_word' id='word_1_40' title='bbox 1254 1186 1380 1273; x_wconf 90' lang='lat' dir='ltr'><strong>episco-</strong></span> 
     </span>
     <span class='ocr_line' id='line_1_7' title="bbox 322 1287 1378 1375; baseline 0.002 -22"><span class='ocrx_word' id='word_1_41' title='bbox 322 1310 386 1373; x_wconf 89' lang='lat' dir='ltr'><strong>pus</strong></span> <span class='ocrx_word' id='word_1_42' title='bbox 411 1287 647 1375; x_wconf 88' lang='lat' dir='ltr'><strong>Augustensis.</strong></span> <span class='ocrx_word' id='word_1_43' title='bbox 704 1288 788 1353; x_wconf 92' lang='lat' dir='ltr'><strong>Pars</strong></span> <span class='ocrx_word' id='word_1_44' title='bbox 814 1310 893 1354; x_wconf 85' lang='lat' dir='ltr'><strong>vero</strong></span> <span class='ocrx_word' id='word_1_45' title='bbox 920 1310 988 1354; x_wconf 93' lang='lat' dir='ltr'><strong>non</strong></span> <span class='ocrx_word' id='word_1_46' title='bbox 1014 1290 1152 1355; x_wconf 91' lang='lat' dir='ltr'><strong>minima</strong></span> <span class='ocrx_word' id='word_1_47' title='bbox 1181 1289 1378 1355; x_wconf 88' lang='lat' dir='ltr'><strong>infirmitate</strong></span> 
     </span>
     <span class='ocr_line' id='line_1_8' title="bbox 323 1391 1378 1479; baseline 0.002 -24"><span class='ocrx_word' id='word_1_48' title='bbox 323 1399 463 1478; x_wconf 83' lang='lat' dir='ltr'><strong>gravata</strong></span> <span class='ocrx_word' id='word_1_49' title='bbox 485 1391 677 1479; x_wconf 86' lang='lat' dir='ltr'><strong>regrediens</strong></span> <span class='ocrx_word' id='word_1_50' title='bbox 700 1392 736 1456; x_wconf 93' lang='lat' dir='ltr'><strong>in</strong></span> <span class='ocrx_word' id='word_1_51' title='bbox 759 1393 822 1458; x_wconf 90' lang='lat' dir='ltr'><strong>viis</strong></span> <span class='ocrx_word' id='word_1_52' title='bbox 846 1400 881 1459; x_wconf 88' lang='lat' dir='ltr'><strong>et</strong></span> <span class='ocrx_word' id='word_1_53' title='bbox 902 1395 1007 1472; x_wconf 84' lang='lat' dir='ltr'><strong>silvis,</strong></span> <span class='ocrx_word' id='word_1_54' title='bbox 1029 1393 1210 1471; x_wconf 91' lang='lat' dir='ltr'><strong>montibus,</strong></span> <span class='ocrx_word' id='word_1_55' title='bbox 1225 1394 1378 1478; x_wconf 78' lang='lat' dir='ltr'><strong>planitiis</strong></span> 
     </span>
     <span class='ocr_line' id='line_1_9' title="bbox 324 1496 1378 1585; baseline 0.002 -25"><span class='ocrx_word' id='word_1_56' title='bbox 324 1504 360 1560; x_wconf 91' lang='lat' dir='ltr'><strong>et</strong></span> <span class='ocrx_word' id='word_1_57' title='bbox 382 1496 538 1581; x_wconf 91' lang='lat' dir='ltr'><strong>spelucis,</strong></span> <span class='ocrx_word' id='word_1_58' title='bbox 564 1496 723 1562; x_wconf 91' lang='lat' dir='ltr'><strong>occubuit</strong></span> <span class='ocrx_word' id='word_1_59' title='bbox 747 1497 815 1583; x_wconf 87' lang='lat' dir='ltr'><strong>jam</strong></span> <span class='ocrx_word' id='word_1_60' title='bbox 840 1522 883 1565; x_wconf 90' lang='lat' dir='ltr'><strong>ex</strong></span> <span class='ocrx_word' id='word_1_61' title='bbox 907 1506 1013 1585; x_wconf 87' lang='lat' dir='ltr'><strong>parte.</strong></span> <span class='ocrx_word' id='word_1_62' title='bbox 1058 1497 1146 1564; x_wconf 90' lang='lat' dir='ltr'><strong>Sane</strong></span> <span class='ocrx_word' id='word_1_63' title='bbox 1170 1497 1293 1582; x_wconf 85' lang='lat' dir='ltr'><strong>reliqui</strong></span> <span class='ocrx_word' id='word_1_64' title='bbox 1318 1498 1378 1562; x_wconf 85' lang='lat' dir='ltr'><strong>vix</strong></span> 
     </span>
     <span class='ocr_line' id='line_1_10' title="bbox 323 1600 1378 1691; baseline 0.003 -28"><span class='ocrx_word' id='word_1_65' title='bbox 323 1600 530 1685; x_wconf 84' lang='lat' dir='ltr'><strong>imperatoris</strong></span> <span class='ocrx_word' id='word_1_66' title='bbox 560 1600 697 1665; x_wconf 88' lang='lat' dir='ltr'><strong>obtenta</strong></span> <span class='ocrx_word' id='word_1_67' title='bbox 726 1601 875 1681; x_wconf 88' lang='lat' dir='ltr'><strong>licentia,</strong></span> <span class='ocrx_word' id='word_1_68' title='bbox 905 1605 987 1670; x_wconf 90' lang='lat' dir='ltr'><strong>licet</strong></span> <span class='ocrx_word' id='word_1_69' title='bbox 1016 1603 1122 1691; x_wconf 85' lang='lat' dir='ltr'><strong>galee,</strong></span> <span class='ocrx_word' id='word_1_70' title='bbox 1153 1600 1308 1666; x_wconf 85' lang='lat' dir='ltr'><strong>calendre</strong></span> <span class='ocrx_word' id='word_1_71' title='bbox 1338 1622 1378 1666; x_wconf 93' lang='lat' dir='ltr'><strong>ac</strong></span> 
     </span>
     <span class='ocr_line' id='line_1_11' title="bbox 324 1703 1379 1774; baseline 0.004 -7"><span class='ocrx_word' id='word_1_72' title='bbox 324 1724 427 1769; x_wconf 88' lang='lat' dir='ltr'><strong>naves</strong></span> <span class='ocrx_word' id='word_1_73' title='bbox 444 1703 647 1769; x_wconf 88' lang='lat' dir='ltr'><strong>sufficientes</strong></span> <span class='ocrx_word' id='word_1_74' title='bbox 670 1705 714 1770; x_wconf 87' lang='lat' dir='ltr'><strong>ad</strong></span> <span class='ocrx_word' id='word_1_75' title='bbox 735 1708 915 1773; x_wconf 80' lang='lat' dir='ltr'><strong>transitum</strong></span> <span class='ocrx_word' id='word_1_76' title='bbox 930 1707 1130 1774; x_wconf 82' lang='lat' dir='ltr'><strong>victualium</strong></span> <span class='ocrx_word' id='word_1_77' title='bbox 1152 1707 1328 1771; x_wconf 91' lang='lat' dir='ltr'><strong>hominum</strong></span> <span class='ocrx_word' id='word_1_78' title='bbox 1343 1712 1379 1771; x_wconf 91' lang='lat' dir='ltr'><strong>et</strong></span> 
     </span>
     <span class='ocr_line' id='line_1_12' title="bbox 324 1810 1379 1896; baseline 0 -23"><span class='ocrx_word' id='word_1_79' title='bbox 324 1829 498 1893; x_wconf 91' lang='lat' dir='ltr'><strong>equorum,</strong></span> <span class='ocrx_word' id='word_1_80' title='bbox 521 1816 561 1873; x_wconf 89' lang='lat' dir='ltr'><strong>ut</strong></span> <span class='ocrx_word' id='word_1_81' title='bbox 582 1812 790 1896; x_wconf 86' lang='lat' dir='ltr'><strong>promiserat,</strong></span> <span class='ocrx_word' id='word_1_82' title='bbox 813 1833 882 1877; x_wconf 92' lang='lat' dir='ltr'><strong>non</strong></span> <span class='ocrx_word' id='word_1_83' title='bbox 903 1811 1068 1887; x_wconf 88' lang='lat' dir='ltr'><strong>adessent,</strong></span> <span class='ocrx_word' id='word_1_84' title='bbox 1092 1812 1127 1874; x_wconf 92' lang='lat' dir='ltr'><strong>in</strong></span> <span class='ocrx_word' id='word_1_85' title='bbox 1152 1810 1240 1877; x_wconf 82' lang='lat' dir='ltr'><strong>festo</strong></span> <span class='ocrx_word' id='word_1_86' title='bbox 1264 1817 1379 1875; x_wconf 90' lang='lat' dir='ltr'><strong>tamen</strong></span> 
     </span>
     <span class='ocr_line' id='line_1_13' title="bbox 324 1912 1379 2002; baseline 0.003 -26"><span class='ocrx_word' id='word_1_87' title='bbox 324 1912 523 1979; x_wconf 73' lang='lat' dir='ltr'><strong>Natiuitatis</strong></span> <span class='ocrx_word' id='word_1_88' title='bbox 545 1912 635 1979; x_wconf 89' lang='lat' dir='ltr'><strong>beati</strong></span> <span class='ocrx_word' id='word_1_89' title='bbox 657 1915 819 2002; x_wconf 86' lang='lat' dir='ltr'><strong>Virginis,</strong></span> <span class='ocrx_word' id='word_1_90' title='bbox 843 1937 921 1981; x_wconf 92' lang='lat' dir='ltr'><strong>cnm</strong></span> <span class='ocrx_word' id='word_1_91' title='bbox 942 1916 1010 2001; x_wconf 86' lang='lat' dir='ltr'><strong>jam</strong></span> <span class='ocrx_word' id='word_1_92' title='bbox 1032 1915 1193 1999; x_wconf 87' lang='lat' dir='ltr'><strong>temporis</strong></span> <span class='ocrx_word' id='word_1_93' title='bbox 1215 1913 1379 1979; x_wconf 87' lang='lat' dir='ltr'><strong>instantia</strong></span> 
     </span>
     <span class='ocr_line' id='line_1_14' title="bbox 323 2017 1380 2104; baseline 0.001 -23"><span class='ocrx_word' id='word_1_94' title='bbox 323 2018 525 2095; x_wconf 87' lang='lat' dir='ltr'><strong>immineret,</strong></span> <span class='ocrx_word' id='word_1_95' title='bbox 540 2027 582 2084; x_wconf 91' lang='lat' dir='ltr'><strong>ut</strong></span> <span class='ocrx_word' id='word_1_96' title='bbox 596 2041 698 2086; x_wconf 88' lang='lat' dir='ltr'><strong>naves</strong></span> <span class='ocrx_word' id='word_1_97' title='bbox 721 2041 741 2084; x_wconf 92' lang='lat' dir='ltr'><strong>a</strong></span> <span class='ocrx_word' id='word_1_98' title='bbox 764 2019 993 2085; x_wconf 88' lang='lat' dir='ltr'><strong>transmarinis</strong></span> <span class='ocrx_word' id='word_1_99' title='bbox 1015 2017 1167 2104; x_wconf 87' lang='lat' dir='ltr'><strong>partibus</strong></span> <span class='ocrx_word' id='word_1_100' title='bbox 1189 2018 1380 2102; x_wconf 84' lang='lat' dir='ltr'><strong>inciperent</strong></span> 
     </span>
     <span class='ocr_line' id='line_1_15' title="bbox 324 2120 1379 2207; baseline 0.001 -22"><span class='ocrx_word' id='word_1_101' title='bbox 324 2142 479 2199; x_wconf 90' lang='lat' dir='ltr'><strong>remeare,</strong></span> <span class='ocrx_word' id='word_1_102' title='bbox 494 2123 625 2189; x_wconf 90' lang='lat' dir='ltr'><strong>sulcare</strong></span> <span class='ocrx_word' id='word_1_103' title='bbox 648 2124 751 2188; x_wconf 88' lang='lat' dir='ltr'><strong>maria</strong></span> <span class='ocrx_word' id='word_1_104' title='bbox 772 2124 986 2200; x_wconf 90' lang='lat' dir='ltr'><strong>inchoarunt,</strong></span> <span class='ocrx_word' id='word_1_105' title='bbox 1000 2144 1036 2188; x_wconf 90' lang='lat' dir='ltr'><strong>se</strong></span> <span class='ocrx_word' id='word_1_106' title='bbox 1058 2142 1120 2207; x_wconf 94' lang='lat' dir='ltr'><strong>pro</strong></span> <span class='ocrx_word' id='word_1_107' title='bbox 1142 2121 1277 2186; x_wconf 92' lang='lat' dir='ltr'><strong>nomine</strong></span> <span class='ocrx_word' id='word_1_108' title='bbox 1294 2120 1379 2186; x_wconf 87' lang='lat' dir='ltr'><strong>Jcsu</strong></span> 
     </span>
     <span class='ocr_line' id='line_1_16' title="bbox 325 2224 1381 2312; baseline -0.003 -21"><span class='ocrx_word' id='word_1_109' title='bbox 325 2224 451 2291; x_wconf 83' lang='lat' dir='ltr'><strong>Christi</strong></span> <span class='ocrx_word' id='word_1_110' title='bbox 469 2225 653 2294; x_wconf 89' lang='lat' dir='ltr'><strong>discrimini</strong></span> <span class='ocrx_word' id='word_1_111' title='bbox 676 2228 923 2293; x_wconf 87' lang='lat' dir='ltr'><strong>committentes</strong></span> <span class='ocrx_word' id='word_1_112' title='bbox 946 2248 983 2292; x_wconf 89' lang='lat' dir='ltr'><strong>ac</strong></span> <span class='ocrx_word' id='word_1_113' title='bbox 1007 2225 1182 2292; x_wconf 85' lang='lat' dir='ltr'><strong>eredentes</strong></span> <span class='ocrx_word' id='word_1_114' title='bbox 1204 2225 1381 2312; x_wconf 89' lang='lat' dir='ltr'><strong>imperato-</strong></span> 
     </span>
     <span class='ocr_line' id='line_1_17' title="bbox 324 2328 1379 2418; baseline -0.009 -17"><span class='ocrx_word' id='word_1_115' title='bbox 324 2358 395 2403; x_wconf 91' lang='lat' dir='ltr'><strong>rem</strong></span> <span class='ocrx_word' id='word_1_116' title='bbox 418 2336 570 2401; x_wconf 91' lang='lat' dir='ltr'><strong>cominns</strong></span> <span class='ocrx_word' id='word_1_117' title='bbox 593 2354 708 2399; x_wconf 89' lang='lat' dir='ltr'><strong>eorum</strong></span> <span class='ocrx_word' id='word_1_118' title='bbox 732 2332 914 2418; x_wconf 87' lang='lat' dir='ltr'><strong>vestigium</strong></span> <span class='ocrx_word' id='word_1_119' title='bbox 936 2337 1142 2396; x_wconf 89' lang='lat' dir='ltr'><strong>secuturum.</strong></span> <span class='ocrx_word' id='word_1_120' title='bbox 1187 2328 1283 2394; x_wconf 88' lang='lat' dir='ltr'><strong>Idem</strong></span> <span class='ocrx_word' id='word_1_121' title='bbox 1297 2350 1379 2394; x_wconf 86' lang='lat' dir='ltr'><strong>vero</strong></span> 
     </span>
     <span class='ocr_line' id='line_1_18' title="bbox 325 2431 1380 2526; baseline -0.01 -19"><span class='ocrx_word' id='word_1_122' title='bbox 325 2442 496 2507; x_wconf 85' lang='lat' dir='ltr'><strong>evacuatis</strong></span> <span class='ocrx_word' id='word_1_123' title='bbox 510 2435 795 2526; x_wconf 88' lang='lat' dir='ltr'><strong>promissionibus,</strong></span> <span class='ocrx_word' id='word_1_124' title='bbox 811 2436 920 2520; x_wconf 87' lang='lat' dir='ltr'><strong>ruptis</strong></span> <span class='ocrx_word' id='word_1_125' title='bbox 936 2434 1082 2500; x_wconf 89' lang='lat' dir='ltr'><strong>vinculis</strong></span> <span class='ocrx_word' id='word_1_126' title='bbox 1101 2432 1224 2518; x_wconf 92' lang='lat' dir='ltr'><strong>quibus</strong></span> <span class='ocrx_word' id='word_1_127' title='bbox 1246 2431 1380 2497; x_wconf 86' lang='lat' dir='ltr'><strong>teneba-</strong></span> 
     </span>
     <span class='ocr_line' id='line_1_19' title="bbox 324 2538 1411 2621; baseline -0.011 -10"><span class='ocrx_word' id='word_1_128' title='bbox 324 2554 382 2610; x_wconf 92' lang='lat' dir='ltr'><strong>tur</strong></span> <span class='ocrx_word' id='word_1_129' title='bbox 396 2545 563 2619; x_wconf 73' lang='lat' dir='ltr'><strong>astrictuS,</strong></span> <span class='ocrx_word' id='word_1_130' title='bbox 580 2542 709 2607; x_wconf 90' lang='lat' dir='ltr'><strong>calcato</strong></span> <span class='ocrx_word' id='word_1_131' title='bbox 731 2540 851 2605; x_wconf 89' lang='lat' dir='ltr'><strong>timore</strong></span> <span class='ocrx_word' id='word_1_132' title='bbox 870 2538 996 2615; x_wconf 87' lang='lat' dir='ltr'><strong>divino,</strong></span> <span class='ocrx_word' id='word_1_133' title='bbox 1011 2544 1206 2621; x_wconf 89' lang='lat' dir='ltr'><strong>contempta</strong></span> <span class='ocrx_word' id='word_1_134' title='bbox 1226 2556 1380 2601; x_wconf 90' lang='lat' dir='ltr'><strong>reveren·</strong></span> <span class='ocrx_word' id='word_1_135' title='bbox 1408 2550 1411 2558; x_wconf 85' lang='lat'>&#39;</span> 
     </span>
     <span class='ocr_line' id='line_1_20' title="bbox 324 2639 1379 2726; baseline -0.011 -10"><span class='ocrx_word' id='word_1_136' title='bbox 324 2651 373 2716; x_wconf 88' lang='lat' dir='ltr'><strong>tia</strong></span> <span class='ocrx_word' id='word_1_137' title='bbox 388 2649 471 2714; x_wconf 89' lang='lat' dir='ltr'><strong>Jesu</strong></span> <span class='ocrx_word' id='word_1_138' title='bbox 488 2646 626 2722; x_wconf 84' lang='lat' dir='ltr'><strong>Christi,</strong></span> <span class='ocrx_word' id='word_1_139' title='bbox 638 2663 778 2709; x_wconf 84' lang='lat' dir='ltr'><strong>censura</strong></span> <span class='ocrx_word' id='word_1_140' title='bbox 794 2642 1017 2709; x_wconf 88' lang='lat' dir='ltr'><strong>ecclesiastica</strong></span> <span class='ocrx_word' id='word_1_141' title='bbox 1029 2640 1204 2726; x_wconf 88' lang='lat' dir='ltr'><strong>vilipensa,</strong></span> <span class='ocrx_word' id='word_1_142' title='bbox 1216 2639 1379 2705; x_wconf 91' lang='lat' dir='ltr'><strong>derelicto</strong></span> 
     </span>
     <span class='ocr_line' id='line_1_21' title="bbox 324 2741 1381 2832; baseline -0.012 -13"><span class='ocrx_word' id='word_1_143' title='bbox 324 2752 477 2821; x_wconf 83' lang='lat' dir='ltr'><strong>exercitu</strong></span> <span class='ocrx_word' id='word_1_144' title='bbox 492 2749 684 2825; x_wconf 89' lang='lat' dir='ltr'><strong>christiano,</strong></span> <span class='ocrx_word' id='word_1_145' title='bbox 699 2747 853 2832; x_wconf 87' lang='lat' dir='ltr'><strong>exposita</strong></span> <span class='ocrx_word' id='word_1_146' title='bbox 874 2744 1065 2810; x_wconf 91' lang='lat' dir='ltr'><strong>infidelibus</strong></span> <span class='ocrx_word' id='word_1_147' title='bbox 1081 2751 1169 2809; x_wconf 81' lang='lat' dir='ltr'><strong>terra</strong></span> <span class='ocrx_word' id='word_1_148' title='bbox 1183 2750 1309 2819; x_wconf 90' lang='lat' dir='ltr'><strong>sancta,</strong></span> <span class='ocrx_word' id='word_1_149' title='bbox 1325 2741 1381 2807; x_wconf 91' lang='lat' dir='ltr'><strong>de·</strong></span> 
     </span>
     <span class='ocr_line' id='line_1_22' title="bbox 324 2847 1379 2944; baseline -0.014 -18"><span class='ocrx_word' id='word_1_150' title='bbox 324 2860 460 2927; x_wconf 83' lang='lat' dir='ltr'><strong>votione</strong></span> <span class='ocrx_word' id='word_1_151' title='bbox 490 2856 606 2944; x_wconf 91' lang='lat' dir='ltr'><strong>populi</strong></span> <span class='ocrx_word' id='word_1_152' title='bbox 637 2851 810 2920; x_wconf 87' lang='lat' dir='ltr'><strong>christiani</strong></span> <span class='ocrx_word' id='word_1_153' title='bbox 841 2848 980 2935; x_wconf 87' lang='lat' dir='ltr'><strong>abjecta,</strong></span> <span class='ocrx_word' id='word_1_154' title='bbox 1011 2849 1047 2912; x_wconf 91' lang='lat' dir='ltr'><strong>in</strong></span> <span class='ocrx_word' id='word_1_155' title='bbox 1077 2868 1178 2911; x_wconf 90' lang='lat' dir='ltr'><strong>suum</strong></span> <span class='ocrx_word' id='word_1_156' title='bbox 1207 2854 1244 2913; x_wconf 90' lang='lat' dir='ltr'><strong>et</strong></span> <span class='ocrx_word' id='word_1_157' title='bbox 1272 2847 1379 2912; x_wconf 87' lang='lat' dir='ltr'><strong>totius</strong></span> 
     </span>
     <span class='ocr_line' id='line_1_23' title="bbox 324 2950 1381 3044; baseline -0.014 -15"><span class='ocrx_word' id='word_1_158' title='bbox 324 2962 577 3029; x_wconf 89' lang='lat' dir='ltr'><strong>christianitatis</strong></span> <span class='ocrx_word' id='word_1_159' title='bbox 602 2956 815 3044; x_wconf 88' lang='lat' dir='ltr'><strong>opprobrium</strong></span> <span class='ocrx_word' id='word_1_160' title='bbox 837 2961 1018 3018; x_wconf 89' lang='lat' dir='ltr'><strong>retrorsum</strong></span> <span class='ocrx_word' id='word_1_161' title='bbox 1040 2950 1131 3026; x_wconf 91' lang='lat' dir='ltr'><strong>abiit,</strong></span> <span class='ocrx_word' id='word_1_162' title='bbox 1155 2957 1320 3015; x_wconf 91' lang='lat' dir='ltr'><strong>attractus</strong></span> <span class='ocrx_word' id='word_1_163' title='bbox 1343 2956 1381 3014; x_wconf 93' lang='lat' dir='ltr'><strong>et</strong></span> 
     </span>
     <span class='ocr_line' id='line_1_24' title="bbox 324 3053 1380 3142; baseline -0.014 -10"><span class='ocrx_word' id='word_1_164' title='bbox 324 3068 460 3133; x_wconf 92' lang='lat' dir='ltr'><strong>illectus</strong></span> <span class='ocrx_word' id='word_1_165' title='bbox 476 3063 518 3129; x_wconf 90' lang='lat' dir='ltr'><strong>ad</strong></span> <span class='ocrx_word' id='word_1_166' title='bbox 534 3069 710 3129; x_wconf 87' lang='lat' dir='ltr'><strong>consuetas</strong></span> <span class='ocrx_word' id='word_1_167' title='bbox 727 3058 864 3124; x_wconf 85' lang='lat' dir='ltr'><strong>delicias</strong></span> <span class='ocrx_word' id='word_1_168' title='bbox 887 3056 983 3142; x_wconf 87' lang='lat' dir='ltr'><strong>regni</strong></span> <span class='ocrx_word' id='word_1_169' title='bbox 1004 3055 1068 3131; x_wconf 87' lang='lat' dir='ltr'><strong>sui,</strong></span> <span class='ocrx_word' id='word_1_170' title='bbox 1084 3053 1303 3139; x_wconf 87' lang='lat' dir='ltr'><strong>abjectionem</strong></span> <span class='ocrx_word' id='word_1_171' title='bbox 1324 3054 1380 3117; x_wconf 91' lang='lat' dir='ltr'><strong>sni</strong></span> 
     </span>
     <span class='ocr_line' id='line_1_25' title="bbox 324 3156 1382 3243; baseline -0.017 -6"><span class='ocrx_word' id='word_1_172' title='bbox 324 3170 434 3237; x_wconf 86' lang='lat' dir='ltr'><strong>cordis</strong></span> <span class='ocrx_word' id='word_1_173' title='bbox 456 3168 589 3234; x_wconf 83' lang='lat' dir='ltr'><strong>frivolis</strong></span> <span class='ocrx_word' id='word_1_174' title='bbox 612 3161 893 3236; x_wconf 83' lang='lat' dir='ltr'><strong>excusationibus,</strong></span> <span class='ocrx_word' id='word_1_175' title='bbox 910 3166 950 3223; x_wconf 92' lang='lat' dir='ltr'><strong>ut</strong></span> <span class='ocrx_word' id='word_1_176' title='bbox 968 3158 1093 3223; x_wconf 87' lang='lat' dir='ltr'><strong>dieitur</strong></span> <span class='ocrx_word' id='word_1_177' title='bbox 1114 3158 1262 3243; x_wconf 86' lang='lat' dir='ltr'><strong>gestiens</strong></span> <span class='ocrx_word' id='word_1_178' title='bbox 1284 3156 1382 3242; x_wconf 91' lang='lat' dir='ltr'><strong>palli·</strong></span> 
     </span>
     <span class='ocr_line' id='line_1_26' title="bbox 324 3259 1382 3345; baseline -0.014 -5"><span class='ocrx_word' id='word_1_179' title='bbox 324 3296 391 3340; x_wconf 89' lang='lat' dir='ltr'><strong>are.</strong></span> <span class='ocrx_word' id='word_1_180' title='bbox 436 3270 616 3339; x_wconf 88' lang='lat' dir='ltr'><strong>Attendite</strong></span> <span class='ocrx_word' id='word_1_181' title='bbox 632 3276 667 3335; x_wconf 91' lang='lat' dir='ltr'><strong>et</strong></span> <span class='ocrx_word' id='word_1_182' title='bbox 681 3268 796 3335; x_wconf 88' lang='lat' dir='ltr'><strong>videte</strong></span> <span class='ocrx_word' id='word_1_183' title='bbox 810 3267 840 3331; x_wconf 91' lang='lat' dir='ltr'><strong>si</strong></span> <span class='ocrx_word' id='word_1_184' title='bbox 862 3272 915 3331; x_wconf 91' lang='lat' dir='ltr'><strong>est</strong></span> <span class='ocrx_word' id='word_1_185' title='bbox 930 3261 1025 3327; x_wconf 92' lang='lat' dir='ltr'><strong>dolor</strong></span> <span class='ocrx_word' id='word_1_186' title='bbox 1039 3262 1127 3326; x_wconf 89' lang='lat' dir='ltr'><strong>sicut</strong></span> <span class='ocrx_word' id='word_1_187' title='bbox 1142 3259 1238 3325; x_wconf 90' lang='lat' dir='ltr'><strong>dolor</strong></span> <span class='ocrx_word' id='word_1_188' title='bbox 1252 3267 1382 3345; x_wconf 91' lang='lat' dir='ltr'><strong>aposto-</strong></span> 
     </span>
     <span class='ocr_line' id='line_1_27' title="bbox 324 3363 1381 3448; baseline -0.015 -5"><span class='ocrx_word' id='word_1_189' title='bbox 324 3380 387 3444; x_wconf 90' lang='lat' dir='ltr'><strong>lice</strong></span> <span class='ocrx_word' id='word_1_190' title='bbox 404 3376 500 3444; x_wconf 87' lang='lat' dir='ltr'><strong>Sedis</strong></span> <span class='ocrx_word' id='word_1_191' title='bbox 516 3374 631 3440; x_wconf 90' lang='lat' dir='ltr'><strong>matris</strong></span> <span class='ocrx_word' id='word_1_192' title='bbox 647 3380 766 3447; x_wconf 87' lang='lat' dir='ltr'><strong>vestre,</strong></span> <span class='ocrx_word' id='word_1_193' title='bbox 777 3371 826 3435; x_wconf 89' lang='lat' dir='ltr'><strong>sic</strong></span> <span class='ocrx_word' id='word_1_194' title='bbox 844 3367 1025 3434; x_wconf 89' lang='lat' dir='ltr'><strong>crudeliter</strong></span> <span class='ocrx_word' id='word_1_195' title='bbox 1040 3372 1076 3430; x_wconf 94' lang='lat' dir='ltr'><strong>et</strong></span> <span class='ocrx_word' id='word_1_196' title='bbox 1090 3365 1189 3430; x_wconf 87' lang='lat' dir='ltr'><strong>toties</strong></span> <span class='ocrx_word' id='word_1_197' title='bbox 1205 3363 1344 3448; x_wconf 89' lang='lat' dir='ltr'><strong>decepte</strong></span> <span class='ocrx_word' id='word_1_198' title='bbox 1361 3384 1381 3427; x_wconf 93' lang='lat' dir='ltr'><strong>a</strong></span> 
     </span>
     <span class='ocr_line' id='line_1_28' title="bbox 324 3465 1383 3567; baseline -0.017 -19"><span class='ocrx_word' id='word_1_199' title='bbox 324 3483 394 3547; x_wconf 81' lang='lat' dir='ltr'><strong>filio</strong></span> <span class='ocrx_word' id='word_1_200' title='bbox 410 3502 511 3567; x_wconf 91' lang='lat' dir='ltr'><strong>quem</strong></span> <span class='ocrx_word' id='word_1_201' title='bbox 526 3480 721 3552; x_wconf 87' lang='lat' dir='ltr'><strong>lactaverat,</strong></span> <span class='ocrx_word' id='word_1_202' title='bbox 738 3475 774 3539; x_wconf 94' lang='lat' dir='ltr'><strong>in</strong></span> <span class='ocrx_word' id='word_1_203' title='bbox 791 3494 859 3559; x_wconf 94' lang='lat' dir='ltr'><strong>quo</strong></span> <span class='ocrx_word' id='word_1_204' title='bbox 875 3472 1046 3536; x_wconf 90' lang='lat' dir='ltr'><strong>locaverat</strong></span> <span class='ocrx_word' id='word_1_205' title='bbox 1061 3468 1097 3532; x_wconf 93' lang='lat' dir='ltr'><strong>in</strong></span> <span class='ocrx_word' id='word_1_206' title='bbox 1113 3467 1174 3533; x_wconf 89' lang='lat' dir='ltr'><strong>hoe</strong></span> <span class='ocrx_word' id='word_1_207' title='bbox 1190 3465 1282 3532; x_wconf 83' lang='lat' dir='ltr'><strong>facto</strong></span> <span class='ocrx_word' id='word_1_208' title='bbox 1297 3466 1383 3531; x_wconf 90' lang='lat' dir='ltr'><strong>fidu-</strong></span> 
     </span>
     <span class='ocr_line' id='line_1_29' title="bbox 324 3569 1381 3671; baseline -0.017 -19"><span class='ocrx_word' id='word_1_209' title='bbox 324 3588 411 3652; x_wconf 85' lang='lat' dir='ltr'><strong>ciam</strong></span> <span class='ocrx_word' id='word_1_210' title='bbox 432 3585 504 3671; x_wconf 91' lang='lat' dir='ltr'><strong>spei</strong></span> <span class='ocrx_word' id='word_1_211' title='bbox 528 3605 598 3659; x_wconf 91' lang='lat' dir='ltr'><strong>sue,</strong></span> <span class='ocrx_word' id='word_1_212' title='bbox 620 3582 657 3645; x_wconf 91' lang='lat' dir='ltr'><strong>in</strong></span> <span class='ocrx_word' id='word_1_213' title='bbox 680 3601 781 3665; x_wconf 92' lang='lat' dir='ltr'><strong>quem</strong></span> <span class='ocrx_word' id='word_1_214' title='bbox 804 3584 856 3642; x_wconf 90' lang='lat' dir='ltr'><strong>tot</strong></span> <span class='ocrx_word' id='word_1_215' title='bbox 879 3574 1117 3639; x_wconf 90' lang='lat' dir='ltr'><strong>beneficiorum</strong></span> <span class='ocrx_word' id='word_1_216' title='bbox 1139 3569 1381 3636; x_wconf 86' lang='lat' dir='ltr'><strong>abundantiam</strong></span> 
     </span>
     <span class='ocr_line' id='line_1_30' title="bbox 325 3673 1381 3763; baseline -0.017 -7"><span class='ocrx_word' id='word_1_217' title='bbox 325 3690 521 3763; x_wconf 89' lang='lat' dir='ltr'><strong>cumularat,</strong></span> <span class='ocrx_word' id='word_1_218' title='bbox 538 3684 764 3751; x_wconf 89' lang='lat' dir='ltr'><strong>dissimulares</strong></span> <span class='ocrx_word' id='word_1_219' title='bbox 779 3679 915 3745; x_wconf 88' lang='lat' dir='ltr'><strong>interim</strong></span> <span class='ocrx_word' id='word_1_220' title='bbox 934 3698 975 3742; x_wconf 92' lang='lat' dir='ltr'><strong>ne</strong></span> <span class='ocrx_word' id='word_1_221' title='bbox 995 3676 1167 3741; x_wconf 87' lang='lat' dir='ltr'><strong>occasione</strong></span> <span class='ocrx_word' id='word_1_222' title='bbox 1190 3673 1330 3739; x_wconf 89' lang='lat' dir='ltr'><strong>inventa</strong></span> <span class='ocrx_word' id='word_1_223' title='bbox 1345 3694 1381 3738; x_wconf 91' lang='lat' dir='ltr'><strong>se</strong></span> 
     </span>
     <span class='ocr_line' id='line_1_31' title="bbox 324 3776 1384 3866; baseline -0.016 -7"><span class='ocrx_word' id='word_1_224' title='bbox 324 3799 491 3861; x_wconf 87' lang='lat' dir='ltr'><strong>averteret</strong></span> <span class='ocrx_word' id='word_1_225' title='bbox 506 3813 526 3857; x_wconf 96' lang='lat' dir='ltr'><strong>a</strong></span> <span class='ocrx_word' id='word_1_226' title='bbox 540 3797 626 3856; x_wconf 86' lang='lat' dir='ltr'><strong>terre</strong></span> <span class='ocrx_word' id='word_1_227' title='bbox 643 3793 756 3853; x_wconf 92' lang='lat' dir='ltr'><strong>sancte</strong></span> <span class='ocrx_word' id='word_1_228' title='bbox 772 3781 931 3857; x_wconf 91' lang='lat' dir='ltr'><strong>subsidio,</strong></span> <span class='ocrx_word' id='word_1_229' title='bbox 948 3780 1049 3846; x_wconf 83' lang='lat' dir='ltr'><strong>exilia</strong></span> <span class='ocrx_word' id='word_1_230' title='bbox 1063 3778 1248 3866; x_wconf 91' lang='lat' dir='ltr'><strong>presulum,</strong></span> <span class='ocrx_word' id='word_1_231' title='bbox 1263 3776 1384 3862; x_wconf 90' lang='lat' dir='ltr'><strong>spolia·</strong></span> 
     </span>
     <span class='ocr_line' id='line_1_32' title="bbox 325 3880 1383 3981; baseline -0.018 -17"><span class='ocrx_word' id='word_1_232' title='bbox 325 3899 446 3974; x_wconf 88' lang='lat' dir='ltr'><strong>tiones,</strong></span> <span class='ocrx_word' id='word_1_233' title='bbox 462 3893 675 3981; x_wconf 83' lang='lat' dir='ltr'><strong>captivitates</strong></span> <span class='ocrx_word' id='word_1_234' title='bbox 691 3898 727 3956; x_wconf 90' lang='lat' dir='ltr'><strong>et</strong></span> <span class='ocrx_word' id='word_1_235' title='bbox 739 3887 880 3973; x_wconf 86' lang='lat' dir='ltr'><strong>injurias</strong></span> <span class='ocrx_word' id='word_1_236' title='bbox 897 3882 1101 3968; x_wconf 87' lang='lat' dir='ltr'><strong>multiplices</strong></span> <span class='ocrx_word' id='word_1_237' title='bbox 1123 3902 1207 3966; x_wconf 92' lang='lat' dir='ltr'><strong>quas</strong></span> <span class='ocrx_word' id='word_1_238' title='bbox 1231 3880 1383 3946; x_wconf 89' lang='lat' dir='ltr'><strong>ecclesiis</strong></span> 
     </span>
     <span class='ocr_line' id='line_1_33' title="bbox 325 3982 1384 4089; baseline -0.019 -20"><span class='ocrx_word' id='word_1_239' title='bbox 325 4009 362 4068; x_wconf 86' lang='lat' dir='ltr'><strong>ct</strong></span> <span class='ocrx_word' id='word_1_240' title='bbox 382 3999 547 4089; x_wconf 88' lang='lat' dir='ltr'><strong>religiosis</strong></span> <span class='ocrx_word' id='word_1_241' title='bbox 571 4005 606 4064; x_wconf 92' lang='lat' dir='ltr'><strong>et</strong></span> <span class='ocrx_word' id='word_1_242' title='bbox 628 3994 757 4062; x_wconf 90' lang='lat' dir='ltr'><strong>clericis</strong></span> <span class='ocrx_word' id='word_1_243' title='bbox 781 3988 954 4077; x_wconf 83' lang='lat' dir='ltr'><strong>irrogavit,</strong></span> <span class='ocrx_word' id='word_1_244' title='bbox 978 3993 1014 4052; x_wconf 90' lang='lat' dir='ltr'><strong>et</strong></span> <span class='ocrx_word' id='word_1_245' title='bbox 1036 3983 1220 4051; x_wconf 87' lang='lat' dir='ltr'><strong>obaudiens</strong></span> <span class='ocrx_word' id='word_1_246' title='bbox 1248 3982 1384 4070; x_wconf 87' lang='lat' dir='ltr'><strong>qnerlas</strong></span> 
     </span>
    </p>
   </div>
   <div class='ocr_carea' id='block_1_3' title="bbox 0 0 1654 4809">
    <p class='ocr_par' dir='ltr' id='par_1_3' title="bbox 0 0 1654 4809">
     <span class='ocr_line' id='line_1_34' title="bbox 0 0 1654 4809; baseline 0 0"><span class='ocrx_word' id='word_1_247' title='bbox 0 0 1654 4809; x_wconf 95' lang='lat' dir='ltr'><strong> </strong></span> 
     </span>
    </p>
   </div>
  </div>
 </body>
</html>
