3292 4809
536 621 613 669 rna
634 619 939 670 nonnusrnurrrrr
960 619 1108 669 rnnron.
1311 602 1353 668 95

533 824 607 886 THE
629 823 787 886 oouuort
807 824 858 885 Ar
878 823 974 886 DOLE
998 825 1114 906 (1162).

473 970 551 1033 [saxo
561 972 764 1032 Grammaticus5
780 972 866 1021 edited
877 974 912 1032 by
921 973 1026 1032 Holder,
1037 987 1062 1033 p.
1073 974 1117 1021 538
1127 972 1177 1034 sq.]

339 1096 499 1165 CLVIII.
541 1098 625 1164 Post
640 1098 702 1164 hee
720 1097 939 1177 Octavianus,
952 1105 1072 1165 vocato
1087 1099 1238 1178 consili0,
1251 1120 1354 1185 quam

293 1202 393 1289 justis
418 1201 577 1290 suffragia
591 1204 639 1267 -in
663 1201 879 1289 adipiscendo
910 1202 1101 1270 sacerdocio
1127 1224 1208 1268 usus
1238 1201 1353 1281 luerit,

294 1307 468 1394 loquacius
484 1329 587 1393 quam
600 1308 713 1373 verius
734 1314 885 1374 astruere
908 1307 1112 1384 conabatur3
1136 1306 1354 1373 Rodlandum

272 1426 274 1430 ·
294 1434 374 1478 vero
390 1412 561 1490 honorem,
578 1433 679 1498 quem
695 1412 846 1477 oblatum
863 1412 1082 1498 repudiasset,
1098 1413 1243 1478 vetitum
1259 1433 1355 1478 occu·

294 1536 400 1601 passe,
415 1537 519 1601 seque
536 1537 670 1582 causam
684 1537 780 1581 suam
791 1517 941 1603 generali
951 1516 1151 1602 pontificum
1163 1517 1355 1604 cognicioni

294 1619 536 1706 inspiciendam
572 1621 742 1705 prebente,
780 1621 880 1684 illum
915 1621 1100 1706 impietatis
1144 1622 1354 1687 consciencia

295 1724 453 1791 canonice
476 1723 690 1790 discrecionis
712 1724 877 1809 judicium
897 1723 1086 1791 formidare.
1131 1724 1290 1792 Preterea
1311 1723 1355 1789 ad

294 1826 522 1895 conciliandos
544 1828 609 1893 sibi
631 1828 831 1914 pontificum
858 1828 986 1894 animos
1013 1850 1130 1894 eorum
1152 1828 1354 1916 dignitatem

295 1931 448 2019 benignis
471 1932 680 1998 decretorum
702 1932 917 1998 sancionibus
939 1931 1128 2010 adornavit,
1147 1932 1239 1998 haud
1260 1933 1354 2018 prius

295 2035 480 2102 Romanam
494 2035 538 2101 ad
559 2035 673 2103 sedem
688 2037 940 2122 provocandum
963 2037 1184 2114 constituens,
1201 2058 1303 2121 quam
1324 2037 1354 2101 si
1433 2050 1435 2054 ·

294 2140 337 2205 lis
357 2141 507 2226 ipsorum
526 2141 809 2226 pronunciacione
830 2139 920 2205 finiri
937 2162 1006 2206 non
1028 2148 1151 2226 posset.
1197 2140 1354 2207 Finiente

295 2266 345 2322 eo,
358 2244 462 2311 Cesar
473 2246 722 2331 provinciarum
736 2267 834 2332 reges
848 2244 950 2330 hujus
967 2244 1192 2311 controversie
1208 2244 1353 2310 finiende

294 2350 407 2436 gracia
422 2348 466 2414 ad
480 2349 687 2435 colloquium
705 2370 725 2414 a
745 2370 781 2415 se
799 2350 961 2415 invitatos
982 2348 1124 2427 dicebat,
1140 2370 1255 2414 eorum
1276 2370 1356 2434 pen·

295 2453 404 2518 tencie
419 2474 607 2540 repugnare
622 2452 719 2519 nefas
735 2452 891 2519 ducturo.
938 2451 1032 2532 Quos
1050 2452 1127 2519 ideo
1142 2474 1212 2518 non
1227 2451 1354 2530 adesse,

296 2554 389 2642 quod
402 2557 439 2621 in
455 2556 599 2622 Romani
618 2557 828 2641 imperatoris
848 2557 1008 2643 injuriam
1031 2556 1137 2622 Rome
1160 2556 1355 2642 pontificem

295 2681 407 2726 creare
418 2661 566 2746 cupiant,
578 2660 687 2727 aliene
703 2661 852 2727 civitatis
866 2662 921 2746 jus
936 2662 1006 2727 suis
1021 2660 1194 2749 suffragiis
1206 2661 1356 2725 ammini-

294 2772 401 2830 strare
428 2772 598 2830 conantes.
652 2763 738 2830 Post
761 2764 825 2831 hec
855 2764 1063 2852 Regnaldus,
1094 2763 1234 2831 Colonie
1263 2763 1355 2829 urbis

295 2868 445 2946 antistes,
461 2868 633 2955 religionis
649 2889 782 2935 oausam
799 2868 910 2935 dicere
925 2869 1075 2946 adorsus,
1091 2876 1219 2954 quanto
1234 2869 1355 2953 injurie

295 2970 442 3057 pondere
472 2973 615 3037 Romani
643 2973 855 3057 imperatoris
885 2974 1070 3058 equitatem
1098 2973 1355 3058 provincialium

295 3096 415 3163 regum
437 3077 609 3141 temeritas
631 3084 826 3154 attentaret,
841 3075 1109 3163 argumentando
1128 3076 1355 3141 demonstrare
1374 3076 1378 3084 '

296 3179 465 3267 pergebat.
518 3179 605 3245 Nam
626 3180 656 3246 si
678 3182 941 3247 controversiam
962 3182 999 3245 in
1021 3201 1138 3246 eorum
1160 3179 1356 3245 civitatibus

296 3282 338 3349 de
360 3284 561 3369 pontificatu
580 3292 688 3349 ortam
711 3283 814 3349 Cesar
835 3285 905 3350 suis
927 3283 1099 3371 suffragiis
1121 3284 1218 3348 finire
1241 3282 1355 3361 vellet,

296 3385 511 3452 hauddubie
533 3386 570 3452 id
591 3388 746 3474 gravium
769 3388 970 3474 injuriarum
992 3387 1066 3453 loco
1087 3387 1261 3464 ducerent,
1278 3409 1356 3452 cum

296 3490 360 3576 ipsi
382 3490 491 3556 simile
512 3491 549 3555 in
564 3490 646 3556 urbe
670 3492 778 3556 Roma
800 3498 992 3577 perpetrare
1015 3499 1190 3558 conentur.
1245 3489 1355 3571 Quam

297 3595 518 3660 assercionem
533 3601 602 3659 tam
618 3594 731 3662 valido
746 3596 890 3661 racionis
905 3595 1051 3681 presidio
1066 3595 1246 3660 subnixam
1261 3602 1357 3680 puta·

296 3698 358 3776 vit,
388 3705 429 3764 ut
458 3719 549 3764 nunc
583 3698 771 3776 Latialiter,
800 3720 893 3764 nunc
924 3698 1056 3765 Gallice
1088 3698 1355 3782 Germaniceque
1384 3711 1386 3716 ’

297 3800 412 3880 fand0,
427 3803 533 3868 ternis
555 3804 727 3867 accionem
749 3802 888 3867 vocibus
909 3803 1057 3868 iteraret.
1103 3800 1171 3867 Sed
1189 3809 1357 3887 quantum

297 3906 359 3972 hae
383 3908 536 3972 oracione
557 3907 670 3993 gentis
693 3927 753 3972 sue
775 3906 932 3972 favorum
955 3906 1079 3984 illexit,
1093 3912 1229 3971 tantum
1243 3912 1356 3972 nostre

298 4009 460 4100 suffragia
475 4010 679 4077 deturbavit.
