3292 4809
312 581 355 646 20
533 599 666 649 snnncr
688 602 899 651 nmnrmvsr.
923 602 1154 652 momnis.

310 766 363 831 vir
384 765 483 833 fortis
506 772 542 833 et
563 774 693 852 potens,
713 768 804 834 domi
826 769 1016 855 militiaque
1039 770 1197 856 optimus,
1213 768 1385 859 largitate

309 890 449 936 serenus
476 876 512 936 et
538 872 689 935 omnium
715 874 884 938 vntutum
910 873 1065 959 insigniis
1096 874 1227 949 clarus3
1258 876 1386 960 sepeli·

284 959 434 1059 'turque
464 975 502 1038 in
532 974 669 1040 civitate
700 974 761 1039 sua
791 974 1008 1064 Wilinaburg
1038 997 1116 1041 cum
1151 996 1304 1043 moerore
1340 999 1385 1045 ac

309 1076 456 1143 lacrimis
472 1078 625 1142 omnium
641 1078 859 1143 Francorum.
1295 1110 1297 1113 ·
1336 1079 1341 1090 '

353 1180 403 1246 Ut
426 1202 506 1267 ergo
529 1202 590 1246 rex
613 1182 802 1266 imperarat,
819 1181 1039 1248 Evurhardus
1062 1181 1148 1247 adiit
1170 1181 1385 1251 Heinricum

308 1305 411 1369 seque
435 1306 514 1350 cum
537 1284 693 1377 omnibus
712 1283 877 1350 thesauris
900 1286 952 1349 illi
974 1285 1125 1364 tradidit,
1140 1307 1259 1373 pacem
1281 1287 1383 1367 fecit,

307 1389 491 1453 amicitiam
527 1388 732 1474 promeruit3
772 1410 874 1473 quam
911 1388 1057 1453 fideliter
1093 1388 1383 1477 familiariterque

308 1514 416 1577 usque
446 1494 484 1557 in
513 1492 616 1557 finem
643 1490 801 1557 obtinuit.
848 1491 980 1556 Deinde
1008 1495 1221 1579 congregatis
1252 1495 1385 1580 princi·

306 1595 404 1681 pibus
417 1604 452 1662 et
463 1603 549 1662 natu
565 1594 747 1681 majoribus
765 1595 934 1661 exercitus
950 1594 1153 1661 Francorum
1169 1598 1206 1661 in
1220 1598 1299 1664 loco
1316 1602 1384 1685 qui

306 1697 434 1761 dicitur
451 1698 627 1762 Frisiisleri
646 1695 840 1779 ‹lesignavit
856 1715 931 1759 eum
948 1715 1062 1777 regem
1079 1718 1191 1760 coram
1204 1696 1299 1759 omni
1316 1717 1381 1779 po·

305 1801 387 1885 pulo
404 1802 613 1865 Francorum
631 1806 734 1882 atque
752 1798 934 1861 Saxonum.
972 1794 1128 1881 Cumque
1140 1800 1171 1863 ei
1187 1798 1383 1866 offerretur

305 1906 423 1971 unctio
448 1927 524 1969 cum
553 1902 746 1967 diademate
777 1922 796 1964 a
822 1920 953 1964 summo
981 1902 1142 1984 pontifice
1167 1903 1383 1988 (Hirigerus

304 2010 406 2092 erat),
419 2030 489 2074 non
501 2007 643 2093 sprevit,
657 2025 719 2068 nec
731 2010 846 2067 tamen
857 2004 1025 2089 suscepit:
1048 2012 1067 2042 “
1076 2004 1198 2081 Satis‚''
1211 2006 1382 2090 iuquiens

304 2111 437 2176 “michi
453 2117 514 2186 est,
531 2117 572 2174 ut
586 2129 647 2194 pre
663 2104 845 2191 majoribus
861 2105 943 2167 meis
958 2126 1017 2167 rex
1041 2104 1134 2170 dicar
1149 2114 1184 2171 et
1199 2106 1378 2196 designer,

302 2213 420 2280 divina
432 2219 605 2280 annuente
622 2210 733 2297 gratia
749 2228 786 2271 ac
800 2214 911 2272 vestra
926 2208 1071 2291 pietate;
1095 2231 1197 2293 penes
1214 2212 1379 2281 meliores

302 2340 383 2385 vero
409 2317 507 2384 nobis
539 2314 657 2379 unctio
689 2317 724 2375 et
754 2308 907 2373 diadema
936 2310 997 2383 sit3
1029 2316 1125 2374 tanto
1155 2311 1281 2378 honore
1311 2337 1379 2383 nos

301 2420 459 2509 indignos
476 2411 714 2485 arbitramur.'‘
761 2411 898 2475 Placuit
912 2411 1025 2495 itaque
1042 2433 1149 2477 sermo
1173 2415 1237 2480 iste
1254 2438 1377 2485 coram

300 2526 459 2591 universa
471 2516 708 2591 multitudine,
719 2520 754 2579 et
765 2513 893 2577 dextris
905 2514 940 2576 in
954 2513 1084 2578 caelum
1097 2516 1230 2594 levatis,
1243 2540 1378 2589 nomen

300 2628 382 2694 novi
397 2627 486 2715 regis
503 2644 584 2691 cum
600 2619 744 2685 clamore
761 2615 874 2682 valido
889 2615 1076 2681 salutantes
1091 2615 1377 2704 frequentabant.

768 2876 906 2905 -·o·-

338 3088 468 3158 muer
485 3093 511 3156 1.
533 3078 685 3151 omnus
700 3074 856 3147 musar,
874 3072 976 3135 num
994 3072 1038 3136 or
1054 3074 1237 3156 sermm,
1256 3082 1338 3149 m

496 3183 620 3254 araur
645 3174 691 3240 ro
712 3171 873 3267 aaronis
895 3171 1050 3234 mauors
1070 3175 1165 3241 (aar).
1323 3183 1326 3192 ¹

451 3327 621 3401 [liutprandi
632 3317 812 3379 antipodosim
829 3316 865 3362 Μ.
877 3314 907 3362 G.
918 3313 961 3371 Η.,
973 3314 1017 3362 SS.
1028 3316 1074 3363 111.
1085 3319 1137 3375 292,
1148 3320 1213 3382 aaa]

331 3482 364 3537 In
378 3480 436 3535 this
446 3468 621 3534 connection
635 3459 698 3515 itis
711 3453 880 3523 interesting
891 3456 923 3507 to
931 3468 1061 3522 compare
1069 3458 1127 3510 two
1136 3464 1285 3521 sentences
1293 3467 1378 3528 from

294 3569 343 3624 the
356 3570 453 3623 letters
465 3563 498 3620 of
510 3558 593 3616 ⁸John
606 3549 646 3605 X.
687 3542 808 3613 (Migne
822 3541 916 3593 Patro.
930 3538 1003 3601 Lat,
1016 3540 1073 3594 vol.
1088 3542 1148 3608 132,
1161 3561 1210 3615 pp,
1225 3551 1287 3618 806,
1302 3556 1377 3627 3073

293 3656 378 3721 leffe,
392 3655 507 3724 Regest.
521 3636 634 3701 Pontii.
649 3629 722 3686 3564
735 3627 792 3680 and
805 3627 836 3724 5?
847 3643 895 3677 :-
909 3691 913 3699 Ι
984 3707 991 3720 ὑ

330 3782 337 3796 .
357 3782 363 3795 .
383 3781 390 3795 .
409 3758 474 3795 cum
493 3732 592 3807 prisca
610 3712 790 3777 consuetudo
802 3712 898 3780 vigeat
915 3708 1037 3777 quahter
1053 3711 1150 3767 nullus
1162 3717 1251 3774 alieni
1266 3725 1379 3788 clerico

293 3829 488 3899 episcopatum
501 3815 637 3876 conferre
651 3801 764 3862 debeat,
777 3796 834 3850 nisi
845 3812 904 3848 rex.
962 3877 968 3890 1
1054 3879 1061 3893 ⁸
1076 3880 1083 3893 ο

329 3910 487 3984 ...quod
511 3904 608 3978 prisca
636 3882 815 3947 consuetudo
838 3883 868 3933 et
890 3894 971 3948 regni
994 3879 1130 3935 nobilitas
1154 3892 1268 3948 censuit
1291 3905 1380 3969 quod

291 4003 388 4059 nullus
400 4000 569 4072 episcopum
581 3980 721 4043 ordinare
733 3966 878 4023 debuisset
891 3963 996 4033 absque
1008 3965 1083 4036 regis
1095 3969 1234 4039 jussione.
1336 4049 1338 4053 Ι
