3292 4809
295 584 361 653 ltt
516 602 652 653 amm
671 603 881 653 mmm
899 604 1131 655 nocumrs

293 772 368 859 ejus
382 772 517 839 omnino
531 771 704 858 preclusis,
716 770 806 838 idem
816 770 985 839 destinato
1000 772 1108 840 llncio
1118 774 1188 841 filio
1198 795 1261 842 sno
1272 797 1352 843 cum

294 875 514 943 multitudine
542 876 716 964 galeraum
739 883 777 942 et
803 898 866 963 per
889 877 973 942 alias
1001 878 1219 965 quamplures
1247 880 1351 969 longe

294 987 395 1046 antea
422 981 511 1047 serio
538 987 741 1067 preparatas,
769 981 807 1045 in
835 980 987 1067 partibus
1017 981 1141 1048 Tuscia
1172 984 1351 1050 maritimis

294 1082 424 1149 insidiis
435 1084 553 1170 positis
567 1092 685 1151 contra
699 1104 767 1162 eos,
777 1092 820 1150 ut
832 1086 971 1172 gravius
985 1093 1101 1172 posset
1110 1086 1203 1152 virus
1214 1109 1351 1155 vomere

294 1195 566 1279 preconoeptum,
587 1189 678 1274 ipsos
699 1208 785 1253 ausu
809 1188 976 1276 sacrilego
1000 1190 1076 1275 capi
1100 1188 1194 1273 fecit,
1215 1192 1353 1277 quibus-

293 1290 373 1357 darn
386 1292 593 1378 prelatorum
606 1293 755 1377 ipsorum
770 1299 807 1358 et
822 1290 899 1357 aliis
920 1294 958 1357 in
978 1293 1174 1380 hujusmodi
1194 1296 1350 1381 captione

293 1395 484 1473 submersis,
498 1396 672 1461 nonnullis
687 1396 791 1462 etiam
810 1396 1022 1482 interemptis
1043 1406 1080 1464 et
1100 1397 1272 1485 aliquibus
1293 1400 1352 1465 ho-

292 1499 366 1566 stili
386 1500 595 1565 imecutione
617 1498 757 1587 iugatis,
776 1499 917 1586 reliquis
938 1508 1054 1567 autem
1075 1499 1172 1567 bonis
1194 1500 1350 1569 omnihus

293 1599 445 1686 spoliatis
466 1608 504 1666 et
524 1599 567 1665 de
595 1599 671 1665 loco
695 1598 740 1664 ad
767 1599 882 1665 locum
909 1602 947 1666 in
971 1622 1076 1689 regno
1097 1599 1212 1668 Sicilie
1234 1603 1352 1689 obpro·

293 1702 402 1771 briose
420 1702 576 1770 deductis
597 1723 638 1769 ac
658 1702 783 1769 ibidem
804 1703 899 1770 duris
920 1704 1108 1772 carceribus
1130 1707 1350 1793 mancipatis3

294 1828 440 1895 quorum
468 1808 574 1894 aliqui
603 1808 762 1873 macerati
789 1808 1004 1894 squaloribus
1033 1817 1071 1876 et
1098 1810 1212 1877 inedia
1241 1812 1350 1898 pressi

294 1912 528 1979 miserabiliter
551 1910 758 1978 defecerunt
814 1913 939 1979 Merito
964 1915 1102 2001 insuper
1127 1923 1245 1981 contra
1270 1938 1351 1982 eum

294 2015 337 2083 de
351 2016 500 2083 heretica
513 2017 679 2104 pravitate
694 2017 837 2103 suspitio
852 2025 906 2083 est
925 2026 1053 2096 exorta,
1068 2040 1148 2085 cum
1168 2027 1350 2106 postquam

294 2115 650 2188 excommunicationis
678 2121 882 2187 sententiam
907 2143 928 2186 a
953 2121 1093 2210 prelatis
1118 2123 1146 2188 1.
1173 2123 1351 2191 Sabinensi

294 2226 449 2313 episcopo
471 2233 508 2292 et
529 2224 570 2289 T.
592 2223 755 2291 cardinali
777 2226 943 2313 prolatam
966 2228 1155 2294 incurreret
1176 2236 1213 2294 et
1237 2228 1350 2297 dictus

252 2343 256 2349 ’
294 2353 381 2418 papa
396 2330 580 2419 Gregorius
595 2330 706 2417 ipsum
720 2330 943 2397 anathematis
965 2332 1104 2398 vinculo
1125 2332 1350 2412 inundaverit,

294 2436 407 2503 clavas
423 2434 573 2501 Ecclesia
589 2435 829 2520 contempserit
843 2443 880 2501 et
893 2443 1121 2523 contempnat,
1135 2437 1200 2504 sihi
1221 2437 1350 2504 iaciens

295 2539 455 2607 celebrari
466 2539 522 2607 vel
533 2540 650 2627 pocius
662 2547 829 2626 quantum
840 2540 876 2604 in
886 2561 927 2607 eo
938 2548 992 2607 est
1005 2541 1209 2628 prophanari
1222 2542 1349 2620 divina,

295 2654 331 2713 et
344 2653 538 2713 constanter
551 2646 695 2712 asseruit
715 2652 757 2710 ut
777 2645 932 2731 superius
953 2652 1007 2711 est
1027 2653 1200 2712 narratum
1221 2668 1257 2713 se
1280 2668 1351 2734 pre

294 2750 358 2817 fati
391 2750 547 2838 Gregorii
578 2772 664 2837 pape
692 2750 881 2816 sentencias
912 2769 983 2815 non
1012 2750 1130 2817 vereri.
1190 2750 1351 2818 Preterea

295 2854 496 2941 conjunctus
521 2856 674 2921 amicicia
700 2854 892 2921 detestabili
918 2853 1119 2933 Sarracenis,
1142 2856 1285 2921 nuncios
1315 2864 1352 2923 et

295 2980 436 3025 munera
450 2959 576 3046 pluries
591 2958 774 3026 destinavit
788 2957 917 3025 eisdem
937 2965 974 3024 et
990 2958 1033 3024 ab
1054 2959 1181 3026 eisdem
1202 2959 1350 3026 vicissim

295 3062 386 3129 omni
400 3062 655 3129 honorificentia
665 3070 702 3129 et
710 3063 868 3151 ylaritata
883 3063 1020 3149 recepit,
1032 3062 1248 3150 ipsorumque
1262 3064 1350 3131 ritus

295 3166 519 3254 amplectitur,
531 3166 607 3233 illos
622 3168 659 3231 in
673 3166 867 3233 cottidianis
883 3167 956 3253 ejus
972 3166 1142 3254 obsequiis
1156 3168 1351 3235 notabiliter

294 3289 410 3338 seeum
435 3277 574 3347 tenens;
603 3270 797 3338 eorumdem
822 3271 924 3337 etiarn
950 3292 1053 3349 more,
1079 3271 1240 3338 uxoribus
1266 3294 1350 3358 quas

295 3374 415 3442 habuit
436 3373 478 3442 da
504 3375 609 3462 stirpe
632 3376 725 3462 regia
747 3374 1028 3441 descendentibus
1050 3375 1233 3453 eunuchos,
1249 3377 1352 3462 preci-

295 3501 362 3565 pue
385 3500 470 3564 quos
492 3486 533 3546 ut
554 3479 679 3546 dicitur
700 3479 786 3545 serio
809 3479 947 3545 castrari
969 3478 1106 3557 iecerat,
1124 3500 1192 3544 non
1215 3480 1352 3546 erubuit

296 3582 457 3670 deputare
473 3582 641 3649 custodes.
686 3582 733 3649 Et
748 3582 840 3669 quod
855 3582 1076 3649 execrabilius
1095 3589 1157 3660 est,
1172 3582 1253 3649 olim
1268 3584 1353 3649 exis·

296 3694 371 3754 tens
393 3688 431 3752 iu
451 3687 602 3774 partibus
624 3687 864 3764 transmarinis,
882 3685 973 3752 facta
1002 3687 1242 3773 compositione
1271 3708 1353 3774 qua·

296 3790 384 3870 dam,
399 3791 502 3857 immo
523 3791 708 3858 collusione
729 3790 843 3858 verius
865 3811 944 3856 oum
966 3789 1125 3869 Solduno,
1144 3789 1351 3858 Machameti

296 3916 418 3961 nomen
438 3896 476 3960 in
494 3895 660 3982 templum
682 3895 821 3960 Domini
844 3894 962 3961 diebus
984 3901 1020 3961 et
1040 3894 1195 3962 noctibus
1217 3895 1351 3982 publice

297 3998 496 4088 proclamari
517 3998 679 4087 permisit.
724 3998 771 4066 Ilt
791 4019 901 4086 nuper
926 3999 1069 4066 nuncios
1093 3997 1232 4065 Soldani
1255 3998 1354 4068 Babi-
