3292 4809
298 620 341 687 32
515 638 650 689 sunnon
672 639 880 690 rmnnnvm
904 640 1134 690 nocvsmnrs.

296 805 398 873 dente
434 828 571 893 quoque
606 808 884 876 reverendissimo
916 831 955 875 ac
984 809 1180 876 beatissimo
1210 807 1352 876 Nicolao

265 933 268 939 ·
295 912 479 997 apostolico
493 933 591 999 papa,
606 913 643 977 in
657 912 794 979 basilica
817 913 1037 981 Lateranensi
1058 913 1248 1000 patriarchi,
1265 935 1352 999 quae

295 1016 554 1103 cognominatur
580 1014 871 1097 Constantiniana,
899 1017 1150 1083 considentibus
1177 1019 1279 1083 etiam
1305 1039 1354 1083 re·

295 1118 545 1186 verendissimis
581 1121 851 1208 archiepiscopis,
880 1123 1057 1209 episcopis,
1087 1121 1262 1188 abbatibus
1291 1143 1353 1187 seu

219 1307 226 1321 .
294 1224 543 1291 venerabilibus
565 1224 770 1312 presbyteris
792 1233 896 1312 atque
920 1226 1126 1305 diaconibus,
1141 1225 1231 1291 idem
1254 1248 1353 1292 vene

294 1328 408 1395 rabilis
438 1328 606 1416 pontifex,
636 1331 836 1396 auctoritate
867 1331 1051 1416 apostolica
1081 1330 1276 1409 decernens,
1308 1330 1351 1396 de

261 1467 268 1481 ·
294 1434 459 1500 electione
483 1435 606 1499 summi
628 1434 797 1520 pontificis
819 1435 952 1520 inquit:
971 1508 975 1515 ‚

338 1535 444 1605 Novit
463 1537 639 1603 beatitudo
654 1545 778 1616 vestra,
794 1538 1006 1605 dilectissimi
1027 1538 1148 1606 fratres
1171 1546 1208 1606 et
1229 1540 1353 1625 coepis-

294 1641 380 1728 copi,
410 1640 569 1707 inferiora
600 1663 736 1728 quoque
766 1642 915 1709 membra
946 1665 1014 1708 non
1044 1644 1158 1721 latuit,
1188 1642 1351 1718 defuncto

293 1746 368 1832 piae
391 1746 569 1811 memoriae
591 1744 727 1812 domino
750 1745 923 1833 Stephano
937 1746 1110 1813 decessore
1126 1755 1252 1825 nostro,
1268 1748 1351 1813 haec

294 1850 475 1936 apostolice
489 1849 596 1929 sedes,
611 1851 668 1917 cui
683 1859 822 1917 auctore
840 1850 904 1917 deo
926 1850 1089 1928 deservio,
1105 1858 1191 1936 quot
1212 1850 1352 1916 adversa

293 1953 483 2040 pertulerit,
499 1962 585 2041 quot
599 1954 746 2041 denique
761 1977 822 2041 per
835 1955 1037 2020 simoniacae
1052 1955 1196 2020 haeresis
1214 1955 1353 2041 trapezi-

293 2064 346 2124 tas
368 2058 498 2125 malleis
521 2058 711 2144 crebrisque
734 2058 948 2124 tunsionibus
970 2059 1186 2136 subiacuerit,
1205 2058 1288 2125 adeo
1311 2067 1352 2125 ut

294 2162 452 2228 columna
467 2161 522 2230 dei
537 2163 685 2229 viventis
701 2164 836 2227 iamiam
857 2184 962 2249 paene
978 2162 1151 2229 videretur
1171 2170 1292 2228 nutare
1316 2170 1353 2229 et

293 2286 418 2353 sagena
432 2268 555 2333 summi
574 2267 728 2353 pisatoris
750 2266 911 2353 procellis
930 2267 1234 2332 intumescentibus
1257 2288 1353 2355 coge-

263 2391 265 2398 ·
294 2376 387 2436 retur
408 2370 446 2435 in
463 2370 632 2458 naufragii
645 2370 814 2456 profunda
829 2371 1008 2457 submergi.
1053 2370 1163 2461 Unde,
1187 2372 1217 2436 si
1239 2372 1353 2457 placet

294 2472 499 2541 fraternitati
514 2481 659 2552 vestrae,
675 2474 835 2540 debemus
851 2475 1036 2541 auxiliante
1052 2474 1115 2541 deo
1129 2473 1254 2541 futuris
1272 2476 1353 2541 casi-

292 2576 356 2644 bus
375 2577 562 2666 prudenter
583 2599 756 2645 occurrere
780 2586 816 2643 et
838 2580 1065 2646 ecclesiastico
1086 2580 1186 2657 satui,
1202 2600 1244 2645 ne
1267 2580 1351 2645 redi-

293 2683 527 2769 viva-quod
563 2682 821 2749 absitl-mala
854 2684 1082 2769 praevaleant,
1112 2685 1148 2749 in
1178 2692 1351 2771 posterum

292 2787 495 2874 praevidere.
543 2785 756 2874 Quapropter
776 2788 933 2854 instructi
955 2788 1250 2874 praedecessorum
1277 2810 1352 2854 nos·

292 2898 422 2956 trorum
437 2892 645 2977 aliorumque
661 2899 856 2958 sanctorum
870 2899 1008 2980 patrum
1022 2894 1223 2959 auctoritate
1241 2893 1352 2958 decer·

293 2996 405 3061 nimus
420 3003 524 3081 atque
539 2997 737 3062 statuimus:
906 3084 910 3090 ⁸

337 3098 368 3163 1.
391 3098 450 3178 Ut,
467 3101 611 3167 obeunte
642 3100 744 3166 huius
771 3101 940 3167 Romanae
967 3102 1167 3167 universalis
1191 3102 1350 3167 ecclesiae

292 3203 463 3290 pontifice,
492 3204 655 3290 imprimis
688 3204 876 3272 cardinales
909 3206 1057 3291 episcopi
1092 3205 1350 3292 diligentissima

291 3308 394 3374 simul
410 3308 676 3376 consideratione
693 3316 888 3387 tractantes,
905 3331 983 3374 mox
998 3309 1062 3374 sibi
1085 3310 1224 3375 clericos
1247 3310 1352 3374 cardi·

292 3413 385 3478 nales
410 3411 603 3491 adhibeant,
625 3414 741 3499 sicque
766 3414 920 3499 reliquus
947 3414 1058 3479 clerus
1080 3420 1116 3479 et
1136 3406 1280 3499 populus
1304 3399 1359 3477 ad'

293 3538 493 3583 consensum
508 3538 614 3584 novae
630 3518 806 3583 electionis
822 3516 995 3583 accedant.

338 3621 368 3687 2.
391 3620 662 3687 Ut—nimirum
676 3643 719 3688 ne
734 3622 927 3688 venalitatis
942 3621 1076 3687 morbus
1095 3621 1247 3707 qualibet
1262 3643 1353 3687 occa

292 3727 385 3793 sione
400 3727 568 3813 surripiat,
577 3726 779 3814 —religiosi
794 3727 859 3793 viri
874 3725 1057 3812 praeduces
1072 3727 1143 3791 sint
1164 3727 1200 3790 in
1221 3747 1353 3813 promo·

292 3830 396 3897 vendi
410 3832 578 3917 pontificis
594 3831 769 3908 electione,
783 3831 908 3916 reliqui
922 3839 1036 3896 autem
1051 3852 1220 3915 sequaces.

337 3921 385 4002 Et
410 3942 499 4002 certe
525 3942 638 4002 rectus
665 3943 768 4020 atque
794 3924 967 4020 legitimus
992 3934 1048 4000 hic
1071 3934 1247 4000 electionis
1260 3934 1353 4000 ordo

293 4038 523 4127 perpenditur,
549 4040 579 4106 si
607 4038 791 4127 perspectis
821 4037 1032 4106 diversorum
1060 4045 1195 4124 patrum
1223 4038 1353 4126 regulis
