3292 4809
310 598 352 663 68
527 614 660 662 srnror
682 613 890 662 usnrrsvnn
916 615 1145 664 nocemus.

310 781 493 848 Fridiricus
514 780 594 859 dux,
619 780 652 846 S.
676 782 757 860 dux,
773 782 947 848 Pertolius
968 780 1048 859 dux,
1066 782 1218 847 Marchio
1234 782 1365 869 Teipol-

309 883 383 962 dus,
403 885 554 950 Marchio
579 885 814 971 Engclbertus‚
840 884 1045 951 Godefridus
1069 885 1255 963 Palatinus,
1280 886 1364 952 Otto

309 987 485 1053 Palatinus
501 1009 620 1066 comes,
637 989 855 1077 Beringarius
871 1011 993 1055 comes.

358 1097 434 1182 Ego
458 1095 661 1172 Fridericus,
685 1093 888 1159 coloniensis
910 1092 1181 1179 archiepiscopus
1203 1099 1238 1159 et
1259 1095 1364 1160 archi·

308 1196 528 1263 cancellarius
545 1197 737 1283 recognovi.

767 1387 904 1417 -000-
948 1385 952 1393 ·

308 1605 458 1668 nornis
485 1605 542 1667 111.
570 1605 708 1669 rmus
738 1605 894 1667 Aruer
937 1606 979 1670 rr
1009 1604 1138 1668 mura
1174 1602 1249 1665 rur
1283 1604 1361 1667 sir

783 1731 892 1813 (1133).

679 1889 984 1953 mammam

352 2031 530 2097 Lctharius
546 2030 612 2097 Dei
628 2030 746 2096 Gratia
762 2031 990 2097 Romanorum
1012 2052 1084 2109 rex,
1099 2030 1243 2119 regibus,
1258 2030 1363 2097 archi·

308 2138 481 2223 episcopis,
497 2136 671 2221 episcopis,
687 2135 904 2221 principibus,
926 2143 961 2201 et
982 2135 1149 2200 universis
1172 2135 1237 2200 Dei
1259 2134 1363 2201 fideli-

307 2240 379 2316 bus,
395 2239 439 2305 ad
454 2260 538 2326 quos
553 2239 685 2304 litterae
700 2239 783 2304 istae
800 2240 1026 2323 pervenerint,
1041 2240 1196 2303 salutem.

351 2343 541 2429 Majestatis
572 2342 706 2408 divinae
738 2341 979 2427 dispensationi
1003 2349 1040 2408 et
1065 2342 1205 2407 consilio
1232 2343 1363 2427 placuit

307 2469 368 2513 nos
383 2454 564 2532 patronum
579 2466 618 2510 ac
634 2444 846 2511 defensorem
861 2453 996 2511 sanotae
1012 2446 1171 2511 ecclesiae
1191 2446 1360 2512 Romanae

310 2553 470 2623 statuere,
483 2545 628 2631 ideoque
640 2566 773 2610 necesse
785 2544 965 2610 habuimus
974 2567 1036 2629 pro
1046 2546 1152 2630 ipsius
1162 2545 1360 2612 liberatione

306 2648 503 2735 propensius
518 2646 676 2712 laborare.
722 2645 810 2712 Cum
825 2648 932 2735 igitur
946 2650 1059 2713 ascitis
1074 2648 1169 2714 nobis
1187 2650 1362 2735 archiepis-

228 2741 236 2769 ⁰
307 2753 409 2837 copis,
425 2751 588 2835 episcopis
604 2757 640 2816 et
654 2750 839 2829 abbatibus,
854 2752 1071 2837 principibus,
1087 2751 1239 2832 ducibus,
1263 2756 1362 2819 comi-

306 2855 398 2921 tibus
427 2862 463 2922 et
493 2854 740 2919 marchionibus
770 2857 867 2942 regni
893 2857 1018 2932 nostri3
1049 2857 1221 2942 episcopos
1248 2859 1359 2936 etiam,

307 2960 455 3036 comites,
472 2964 507 3024 et
521 2958 604 3023 alios
620 2956 760 3023 barones
781 2958 899 3023 Italiae
918 2959 1093 3025 nobiscum
1108 2959 1279 3040 ducentes,
1295 2962 1362 3028 bel·

253 3082 255 3089 ’
305 3064 371 3129 lico
394 3069 556 3148 apparatu
579 3061 706 3147 stipati,
723 3061 767 3125 ad
790 3061 917 3127 Urbem
938 3065 1202 3149 profisceremur,
1220 3068 1360 3142 nuntios

305 3163 511 3233 schismatici
539 3165 633 3229 illius
663 3164 758 3230 Petri
792 3165 914 3232 Leonis
946 3166 1143 3253 frequenter
1170 3168 1358 3237 habuimus.

307 3270 376 3350 Qui
402 3270 563 3334 nimirum
589 3289 632 3334 ex
658 3275 753 3354 parte
781 3269 874 3335 illius
900 3271 1064 3337 iustitiam
1089 3273 1358 3358 praetendentes,

304 3374 369 3460 ipsi
390 3373 501 3459 injus
524 3373 572 3438 ire
595 3379 712 3458 parato
732 3394 800 3437 non
819 3373 939 3440 debere
961 3376 1168 3442 audientiam
1190 3377 1359 3467 denegari,

305 3499 369 3543 nec
390 3476 568 3542 hostilibus
591 3476 903 3562 impugnationibus
925 3479 1105 3558 molestari,
1127 3482 1271 3567 publicis
1294 3486 1358 3550 ola

305 3580 453 3646 moribus
482 3578 683 3645 asserebant.
732 3580 886 3647 Diutinis
915 3603 995 3669 ergo
1024 3605 1138 3649 eorum
1169 3587 1360 3673 interpella·

305 3685 452 3749 tionibus
478 3684 660 3770 provocati,
687 3683 836 3769 idipsum
862 3685 1026 3771 episcopis
1056 3696 1092 3753 et
1121 3690 1356 3770 cardinalibus,

305 3790 365 3875 qui
380 3810 458 3854 cum
473 3787 597 3852 domno
612 3809 697 3873 papa
712 3787 912 3854 Innocentio
927 3798 1033 3869 erant,
1045 3793 1233 3879 significare
1250 3797 1357 3861 coacti

303 3913 431 3957 sumus.
484 3890 554 3976 Ipsi
576 3912 668 3978 vero,
692 3897 863 3976 tamquam
887 3894 1122 3960 canonicarum
1144 3900 1356 3964 sanctionum

304 4003 340 4062 et
357 3995 613 4061 institutionum
627 3994 929 4061 ecclesiasticarum
944 4019 1012 4062 non
1028 3999 1147 4087 ignari,
1163 4003 1356 4069 universam
