3292 4809
323 580 389 645 112
545 597 677 644 emmor
699 597 907 645 nnorarvau
928 596 1157 645 uocurmurs.

323 787 404 829 num
430 766 624 849 episcopum
647 765 752 850 alapis
777 766 873 831 caedi
897 765 1026 843 iecerit,
1046 774 1081 831 et
1102 766 1188 852 pilos
1213 765 1255 831 de
1277 766 1379 832 barba

323 870 394 955 ejus
415 869 526 946 avelli,
543 876 578 934 et
600 870 738 934 tractari
761 891 840 935 eum
861 871 898 934 in
919 869 1073 955 pluribus
1095 869 1282 949 inhoneste,
1298 893 1379 957 qua-

320 973 399 1038 liter
413 994 548 1057 quoque
561 973 724 1058 quosdam
739 972 921 1039 familiares
937 974 1095 1039 ecclesiae
1111 974 1280 1039 Romanae
1296 997 1377 1041 naso

321 1076 440 1143 fecerit
452 1077 613 1155 mutilari,
626 1079 772 1163 qualiter
783 1077 995 1164 praedictum
1010 1077 1259 1144 Salernitanum
1273 1079 1379 1144 arohi-

320 1182 515 1266 episcopum
545 1182 734 1267 captivarit,
762 1189 798 1248 et
824 1181 988 1268 quosdam
1014 1183 1104 1247 viros
1135 1183 1377 1248 ecclesiasticos

319 1284 461 1351 fiammis
486 1286 606 1351 torreri
621 1284 749 1364 iecerit,
766 1285 929 1371 quosdam
945 1307 1026 1352 vero
1041 1287 1131 1351 viros
1146 1286 1183 1350 in
1197 1308 1287 1351 mare
1302 1286 1378 1352 sub

320 1389 436 1476 mergi,
454 1388 497 1454 ad
512 1397 608 1454 tuam
623 1398 658 1455 et
673 1391 816 1455 aliorum
839 1390 1029 1476 principum
1051 1389 1219 1455 credimus
1242 1390 1378 1456 audien·

319 1493 402 1557 tiam
417 1495 618 1579 pervenisse.
925 1568 928 1575 Α

363 1595 515 1682 Insuper,
532 1598 561 1661 si
579 1597 772 1683 praedictus
796 1597 878 1676 dux,
894 1598 987 1684 quod
1010 1599 1106 1677 absit,
1121 1599 1301 1685 imperium
1322 1598 1378 1664 ob-

319 1701 452 1778 tineret,
471 1701 612 1767 libertas
627 1702 820 1787 principum
835 1704 873 1767 in
888 1701 1052 1768 electione
1068 1703 1204 1786 periret,
1221 1710 1255 1768 et
1271 1704 1377 1785 impe·

319 1805 408 1870 rium
424 1803 597 1870 obtinendi
613 1803 654 1868 de
671 1812 783 1870 cetero
798 1806 917 1870 ceteris
931 1804 1056 1869 fiducia
1071 1805 1256 1870 tolleretur.
1288 1803 1379 1869 Nam

319 1910 358 1986 si,
374 1916 476 1994 prout
490 1908 571 1974 olim
585 1907 690 1973 frater
705 1908 788 1973 dicti
803 1908 898 1973 ducis
914 1910 1003 1994 patri
1018 1930 1145 1987 eorum,
1157 1909 1205 1973 sic
1220 1907 1292 1973 dux
1303 1909 1378 1995 ipso

320 2012 418 2078 fratri
434 2035 495 2078 suo
517 2013 725 2091 succederet,
741 2013 915 2078 videretur
936 2014 1115 2098 imperium
1136 2034 1205 2077 non
1228 2035 1269 2079 ex
1292 2013 1379 2079 elec·

320 2119 423 2195 tione,
434 2116 493 2182 sed
510 2139 553 2183 ex
568 2118 777 2183 successione
794 2116 917 2195 deberi,
930 2124 966 2182 et
980 2118 1016 2180 in
1031 2116 1275 2203 praejudicium
1289 2117 1378 2203 prin·

321 2223 434 2308 cipum
449 2220 667 2298 redundaret,
682 2221 711 2286 si
726 2243 796 2286 non
819 2221 885 2285 nisi
908 2220 950 2287 de
973 2220 1073 2286 domo
1095 2221 1190 2287 ducis
1212 2220 1377 2308 praedicti

323 2326 498 2391 videretur
512 2325 636 2410 aliquis
652 2324 696 2389 ad
709 2326 887 2411 imperium
899 2325 1129 2391 assumendus.
1169 2325 1285 2406 Quum
1296 2347 1377 2413 ergo

190 2469 194 2476 ‚
321 2451 381 2495 nos
407 2429 499 2495 flecti
525 2450 546 2493 a
570 2436 685 2494 nostro
711 2430 884 2515 proposito
914 2430 1010 2494 nulla
1039 2430 1175 2516 penitus
1204 2430 1376 2495 occasione

321 2535 496 2620 possimus,
519 2531 580 2599 sed
605 2534 641 2598 in
668 2555 707 2599 ea
731 2534 843 2619 potius
867 2534 1007 2600 firmisse
1029 2534 1256 2619 persistamus,
1278 2540 1315 2600 et
1336 2541 1377 2599 tu

321 2638 416 2703 nobis
442 2659 540 2724 saepe
566 2659 626 2723 per
650 2637 765 2703 literas
792 2644 868 2703 tuas
894 2636 1032 2704 duxeris
1054 2637 1314 2726 suggerendum,
1336 2644 1378 2703 ut

321 2742 430 2809 eidem
446 2742 526 2807 duci
542 2742 737 2808 nullatenus
749 2741 949 2820 faveremus,
962 2742 1174 2807 nobilitatem
1189 2763 1270 2829 ergo
1281 2750 1377 2808 tuam

322 2854 495 2912 monentes
521 2869 581 2932 per
608 2846 791 2932 apostolica
816 2847 942 2932 scripta
966 2845 1175 2924 mandamus,
1198 2852 1376 2932 quatenus,

321 2952 410 3016 sicut
424 2950 466 3017 de
482 2952 592 3039 gratia
612 2958 727 3015 nostra
750 2950 901 3028 confidis,
914 2958 949 3016 et
970 2972 1031 3016 nos
1054 2950 1095 3015 de
1117 2958 1178 3015 tua
1200 2950 1377 3018 devotione

321 3076 501 3141 speramus,
526 3054 567 3120 de
591 3062 702 3120 cetero
729 3077 749 3119 a
775 3055 926 3140 praefato
950 3054 1036 3120 duce
1061 3053 1218 3140 Philippo
1241 3053 1377 3121 recedas
1414 3129 1417 3134 ,

322 3159 468 3236 omnino,
495 3180 562 3223 non
593 3158 747 3224 omtante
777 3159 979 3246 juramento,
1006 3159 1035 3246 si
1066 3158 1158 3243 quod
1187 3158 1219 3224 ei
1248 3160 1377 3226 ratione

321 3264 419 3350 regni
441 3262 562 3340 fecisti,
588 3285 694 3347 quum
717 3284 756 3328 eo
779 3270 946 3349 quantum
968 3261 1013 3327 ad
1035 3262 1256 3329 obtinendum
1276 3263 1380 3348 impe-

321 3367 410 3431 rium
442 3366 629 3452 reprobato,
664 3368 893 3453 juramentum
927 3367 1121 3455 hujusmodi
1154 3389 1223 3433 non
1256 3365 1379 3434 debeat

322 3469 499 3537 observari.
546 3470 724 3538 Praedioto
742 3495 823 3539 vero
846 3473 918 3559 regi
942 3471 1073 3551 Ottoni,
1097 3494 1198 3557 quem
1219 3493 1281 3537 nos
1304 3493 1380 3537 con-

225 3583 228 3588 '
322 3574 461 3641 cedente
475 3575 630 3655 Domino,
644 3578 687 3643 ad
699 3601 856 3645 coronam
867 3580 998 3666 imperii
1009 3579 1217 3665 disponimus
1229 3601 1378 3658 evocare,

322 3686 475 3765 patenter
490 3679 670 3748 adhaereas
687 3691 723 3749 et
737 3691 911 3769 potenter3
936 3691 975 3749 ut
991 3706 1094 3769 quum
1119 3684 1150 3750 ei
1172 3682 1215 3749 ad
1237 3705 1380 3749 commo·

322 3785 486 3853 uitionem
513 3795 662 3853 nostram
689 3789 888 3867 adhaeseris,
913 3791 1001 3856 inter
1026 3792 1149 3877 primos
1175 3791 1319 3878 gratiam
1344 3798 1380 3857 et

322 3888 591 3957 benevolentiam
609 3893 681 3979 ejus
697 3892 847 3959 obtinere
863 3896 1039 3980 praecipue
1052 3896 1218 3971 mercorio,
1232 3891 1275 3958 ad
1288 3893 1381 3979 quod

323 4016 382 4060 nos
398 4017 459 4082 pro
474 4001 553 4061 tuae
570 3995 754 4062 nobilitatis
770 4018 881 4063 amore
892 3997 1044 4064 dabimus
1056 4018 1189 4083 operam
1201 3996 1380 4064 efficacem.

327 4098 424 4187 [Dat.
441 4098 628 4187 Laterani]
