3292 4809
299 634 342 699 28
525 650 660 699 suanor
682 648 896 698 unnrmvnr.
917 649 1152 699 noounnurs.

300 826 431 883 trorum
449 818 691 904 cujuscumque
711 817 941 903 impeditionis
963 823 1202 904 argumentum
1224 834 1359 900 compo·

299 943 379 987 nere
402 923 438 986 in
460 920 628 1006 prefatam
650 922 851 987 electionem
873 921 1007 1000 audeat,
1028 919 1255 1007 prohibemus,
1275 940 1357 984 nam

299 1033 334 1092 et
356 1026 420 1091 hoc
445 1025 646 1093 omnimodis
669 1028 848 1092 instituere
872 1027 1002 1112 placuit
1021 1032 1061 1089 ut
1084 1025 1143 1110 qui
1165 1021 1269 1090 semel
1292 1022 1359 1088 sub

299 1130 443 1214 speciale
462 1129 657 1196 defensione
679 1130 793 1195 domni
814 1131 992 1216 apostolici
1007 1131 1078 1195 sive
1093 1135 1209 1195 nostra
1223 1126 1359 1193 fuerint

299 1235 460 1319 suscepti,
487 1236 667 1320 impetrata
691 1235 781 1319 juste
807 1241 952 1299 utantur
978 1232 1184 1310 defensione,
1207 1230 1302 1318 quod
1329 1230 1361 1295 si

256 1359 258 1366 ·
300 1338 375 1422 quis
390 1339 426 1402 in
442 1359 647 1422 quemquam
661 1338 798 1402 illorum
814 1339 875 1423 qui
890 1338 953 1405 hoe
968 1337 1218 1423 promeruerint
1229 1334 1361 1401 violare

299 1434 549 1520 presumpserit,
564 1435 649 1499 sciat
670 1455 706 1500 se
728 1435 918 1519 periculum
937 1436 1008 1501 vite
1029 1455 1089 1500 sue
1112 1456 1183 1501 esse
1205 1434 1361 1500 incursu·

299 1559 384 1603 rum.
430 1536 524 1602 Illud
553 1538 653 1603 etiam
684 1538 917 1604 confirmamus
947 1546 988 1603 ut
1017 1537 1140 1604 domno
1169 1538 1359 1624 apostolico

297 1643 424 1729 justam
449 1643 485 1706 in
511 1643 663 1708 omnibus
689 1650 828 1709 servent
852 1642 1098 1709 oboedientiam
1126 1664 1187 1708 seu
1213 1641 1359 1708 ducibus

299 1767 338 1811 ac
360 1744 529 1832 judicibus
551 1748 621 1812 suis
645 1745 689 1811 ad
712 1747 881 1832 justiciam
903 1745 1102 1813 faciendam.
1149 1745 1241 1811 Huic
1265 1738 1360 1811 enim

299 1850 511 1917 institucioni
532 1850 596 1917 hcc
619 1852 805 1917 necessario
827 1849 1075 1917 adnectendum
1097 1871 1169 1917 esse
1190 1849 1361 1936 perspexi·

299 1975 385 2031 mus,
408 1962 450 2020 ut
471 1955 564 2021 missi
587 1954 702 2020 domni
724 1955 900 2040 apostolici
921 1976 981 2020 seu
1003 1955 1110 2019 nostri
1131 1975 1264 2039 semper
1285 1954 1361 2020 sint

300 2059 477 2125 constituti
493 2060 554 2144 qui
569 2059 744 2131 annuatim
759 2058 854 2125 nobis
870 2060 925 2125 vel
940 2059 1009 2124 filio
1024 2068 1139 2125 nostro
1156 2060 1359 2126 renunciare

300 2163 447 2240 valeant,
464 2164 612 2248 qualiter
629 2163 756 2249 singuli
778 2162 881 2228 duces
903 2183 942 2227 ac
964 2162 1091 2248 judices
1113 2164 1240 2250 populo
1261 2164 1362 2249 justi·

299 2266 386 2331 ciam
406 2265 543 2344 iaciant,
559 2266 647 2332 hanc
669 2268 876 2352 imperialem
891 2269 1171 2335 constitucionem
1187 2266 1359 2353 quomodo

299 2368 490 2446 observent,
506 2370 565 2454 qui
581 2370 674 2434 missi
688 2369 898 2436 decernimus
914 2378 954 2435 ut
966 2372 1113 2456 primum
1130 2378 1270 2437 cunctos
1293 2371 1362 2436 ola·

300 2493 406 2539 mores
423 2473 483 2559 qui
498 2494 558 2558 per
572 2474 823 2560 neglegentiam
838 2473 963 2540 ducum
979 2497 1040 2540 seu
1061 2475 1213 2562 judicum
1227 2474 1361 2541 fuerint

299 2575 441 2654 inventi,
465 2574 510 2640 ad
532 2576 688 2642 notitiam
710 2575 826 2641 domni
848 2578 1021 2663 apostolici
1044 2578 1209 2657 deferant,
1229 2579 1360 2664 etipse

299 2700 407 2744 unum
427 2702 445 2746 e
467 2678 598 2744 duobus
623 2679 745 2765 eligat:
777 2688 838 2745 aut
861 2682 977 2746 statim
1000 2682 1214 2767 pereosdem
1237 2683 1361 2749 missos

298 2783 383 2849 fiant
401 2784 473 2869 ipse
488 2782 707 2848 necessitates
723 2782 899 2849 emendate
914 2790 984 2861 aut,
999 2786 1101 2850 misso
1123 2793 1238 2851 nostro
1260 2785 1361 2853 nobis

298 2888 531 2964 renunciante,
546 2907 607 2972 per
624 2891 756 2950 nostros
779 2886 897 2951 missos
919 2908 939 2951 a
961 2887 1057 2953 nobis
1079 2888 1225 2954 directos
1247 2910 1362 2956 emen·

298 2981 433 3056 dentur.
473 2990 549 3056 Hoc
566 2997 607 3055 ut
622 2987 664 3055 ab
679 2988 833 3054 omnibus
848 2988 1002 3054 fidelibus
1014 2998 1129 3057 sancte
1146 2990 1201 3057 dei
1216 2993 1361 3061 ecclesie

298 3101 334 3161 et
348 3095 472 3161 nostris
495 3093 630 3159 firmum
653 3112 725 3157 esse
748 3091 914 3168 credatur,
930 3094 1082 3178 propriae
1105 3116 1225 3161 manus
1248 3097 1363 3183 signa·

297 3199 375 3264 culo
392 3206 427 3264 et
442 3198 608 3264 nobilium
624 3195 828 3281 optimatum
843 3201 1035 3259 nostrorum
1056 3196 1362 3284 subscriptionibus

296 3302 360 3367 hoc
375 3309 513 3387 pactum
535 3297 799 3367 confirmationis
822 3303 934 3362 nostre
956 3298 1184 3366 roboravimus
1206 3309 1243 3367 et
1264 3302 1362 3371 bulle

296 3413 409 3471 nostre
425 3404 625 3492 inpressioni
641 3400 811 3486 adsignari
826 3400 994 3485 jussimus.

342 3509 401 3595 (t)
427 3508 571 3597 Signum
586 3504 703 3573 domni
721 3501 857 3567 Ottonis
873 3503 1074 3567 serenissimi
1094 3505 1306 3592 imperatoris
1321 3533 1362 3579 ac

294 3614 434 3680 suorum
448 3614 684 3699 episcoporum
700 3604 860 3670 abbatum
875 3610 910 3669 et
924 3606 1095 3671 comitum.

341 3717 401 3804 (t)
427 3716 571 3805 Signum
587 3708 762 3794 Adaldagi
786 3706 1083 3793 Hamaburgiensis
1098 3712 1238 3780 ecclesie
1255 3717 1364 3784 arohi-

294 3823 452 3908 episcopi.
498 3819 643 3908 Signum
661 3809 839 3877 Hartberti
856 3808 1027 3874 Curiensis
1042 3814 1181 3880 ecclesie
1198 3819 1362 3907 episcopi.

295 3927 415 4012 (Thon
431 3925 549 3990 follow
563 3922 623 3988 the
638 3935 756 3983 names
773 3910 811 3976 of
832 3909 1051 3995 twenty-four
1066 3911 1213 4003 bishops,
1228 3920 1363 4005 abbots,

292 4030 361 4099 and
375 4028 528 4115 counts.)
