3292 4809
317 563 381 629 116
538 579 671 629 suurcr
692 576 902 626 nummu
921 577 1152 626 nocuumvrs.

317 757 486 835 quatenus
501 748 560 813 ille
575 746 766 834 prefitiatur
776 746 957 812 aecclesiae
969 744 1138 823 viduatae,
1148 766 1250 831 quem
1261 752 1373 811 totum

317 853 505 947 capitulum
521 852 576 918 vel
591 852 698 937 major
712 858 748 916 et
758 852 872 915 sanior
885 872 961 936 pars
976 850 1081 935 ipsius
1097 848 1234 915 duxerit
1249 850 1375 937 eligen-

317 956 410 1032 dum,
426 954 607 1020 dummodo
622 954 728 1020 nichil
751 954 863 1019 obstet
885 955 917 1020 ei
939 952 981 1019 de
1003 954 1172 1018 canonicis
1194 953 1373 1017 institutis.

317 1059 574 1145 Appellationes
588 1066 703 1123 autem
717 1058 754 1121 in
769 1058 916 1146 negotiis
938 1066 974 1124 et
995 1057 1104 1123 causis
1127 1056 1374 1135 ecclesiasticis

317 1162 489 1227 adsedem
503 1162 723 1247 apostolicam
736 1162 842 1227 libere
857 1162 952 1239 fiant,
966 1183 1083 1227 earum
1103 1162 1375 1247 prosecutionem

226 1308 235 1325 ·
317 1268 388 1333 sive
400 1287 594 1353 processum
605 1267 721 1331 nullus
733 1265 897 1352 impedire
905 1275 1087 1352 presumat
1121 1265 1226 1329 Illum
1237 1286 1374 1351 quoque

318 1369 521 1434 dimittimus
544 1377 580 1436 et
601 1369 790 1436 refutamus
812 1369 964 1446 abusum,
985 1391 1088 1455 quem
1109 1369 1147 1433 in
1168 1368 1374 1454 occupandis

317 1474 413 1539 bonis
439 1472 676 1539 decedentium
700 1474 907 1560 prelatorum
936 1480 998 1538 aut
1026 1474 1128 1540 etiam
1158 1473 1375 1539 ecclesiarum

318 1579 513 1644 vacantium
527 1578 636 1642 nostri
650 1584 902 1643 consueverunt
915 1586 1143 1643 antecessores
1154 1578 1374 1656 committere,

317 1702 378 1767 pro
401 1688 496 1746 motu
518 1682 672 1767 propriae
694 1682 893 1748 voluntatis.
939 1680 1063 1745 Omnia
1084 1702 1165 1747 vero
1187 1681 1375 1767 spiritualia

318 1785 414 1851 vobis
439 1793 475 1850 et
500 1786 576 1850 aliis
603 1786 819 1851 ecclesiarum
849 1786 988 1871 prelatis
1017 1786 1241 1871 relinquimus
1269 1786 1375 1851 libere

318 1888 526 1975 disponenda
549 1898 591 1955 ut
616 1896 807 1975 quaesunt
830 1888 962 1955 Cesaris
985 1888 1163 1967 Cesari,et
1185 1897 1377 1975 quaesunt

319 1992 385 2059 Dei
412 1994 487 2058 Deo
512 2002 606 2059 recta
632 1993 871 2059 distributione
898 1992 1095 2059 reddantur.
1141 1992 1250 2078 Super
1271 1992 1377 2058 eradi-

319 2095 426 2162 cando
441 2106 556 2163 sutem
570 2097 738 2163 hereticae
761 2098 938 2184 pravitatis
961 2119 1081 2176 errore,
1097 2098 1264 2162 auxilium
1287 2096 1377 2162 dabi-

318 2222 395 2265 mus
427 2208 464 2266 et
493 2223 628 2287 operam
658 2200 837 2267 efficacem.
897 2200 1129 2266 Possessiones
1159 2202 1260 2266 etiam
1290 2222 1375 2287 quas

230 2371 234 2381 ,
319 2305 480 2371 aecclesia
495 2306 647 2370 Romana
672 2305 895 2391 recuperavit,
910 2304 953 2370 ab
967 2304 1231 2371 antecessoribus
1251 2306 1376 2370 nostris

318 2430 380 2473 seu
406 2408 613 2494 quibuslibet
639 2408 713 2473 aliis
740 2416 819 2473 ante
846 2407 1010 2485 detentas,
1037 2408 1159 2475 liberas
1182 2416 1218 2474 et
1243 2410 1376 2495 quietas

319 2510 532 2589 dimittimus,
547 2512 721 2597 ipsamque
744 2512 788 2576 sd
809 2534 866 2578 eas
888 2512 1085 2579 obtinendas
1106 2512 1282 2578 bonafide
1303 2535 1377 2599 pro-

319 2616 486 2680 mittimus
496 2615 666 2701 adjuvare.
713 2615 808 2696 Quas
823 2625 939 2682 autem
953 2616 1104 2681 nondum
1118 2618 1376 2703 recuperaverit,

319 2719 364 2783 ad
384 2719 652 2804 recuperandum
677 2741 739 2805 pro
757 2721 886 2786 viribus
913 2721 1036 2786 erimus
1063 2720 1284 2807 coadjutores.
1330 2722 1377 2787 Et

321 2844 553 2908 quaecumque
572 2822 616 2888 ad
637 2845 757 2889 manus
778 2832 911 2890 nostras
934 2824 1126 2902 devenient,
1142 2826 1213 2891 sine
1236 2824 1378 2890 difficul-

319 2933 390 2991 tate
407 2926 438 2992 ei
452 2927 631 2992 restituere
647 2935 851 3015 satagemus.
896 2928 954 2993 Ad
969 2928 1029 2993 has
1044 2930 1191 3015 pertinet
1202 2936 1274 2993 tota
1286 2937 1377 2994 terra

320 3051 407 3115 quae
437 3038 489 3095 est
518 3051 538 3094 6
568 3030 808 3117 Radicophano
838 3053 946 3118 usque
978 3032 1198 3118 Zeperanum,
1228 3032 1377 3097 marchia

320 3133 547 3212 Anconitana,
563 3133 707 3200 ducatus
731 3133 944 3221 spoletanus,
959 3143 1050 3200 terra
1071 3136 1259 3202 comitissae
1283 3135 1378 3200 Mah-

319 3237 424 3315 tildis,
447 3239 626 3304 comitatus
650 3238 858 3317 Brittenorii,
882 3246 1060 3305 exarcatus
1084 3241 1276 3317 Ravennae,
1292 3238 1378 3305 Pen-

319 3342 451 3428 tapolis,
468 3364 546 3407 cum
561 3343 635 3407 aliis
651 3342 884 3440 adjacentibus
899 3345 999 3408 terris
1014 3344 1181 3429 expressis
1198 3344 1235 3407 in
1258 3345 1376 3410 multis

319 3446 505 3533 privilegiis
521 3446 761 3532 imperatorum
781 3453 816 3512 et
832 3468 962 3534 regum,
977 3469 997 3513 6
1020 3455 1168 3534 tempore
1191 3446 1376 3526 Ludowici,

319 3558 361 3616 ut
375 3571 431 3615 eas
446 3549 568 3616 habeat
583 3551 734 3615 Romana
749 3551 911 3616 aecclesia
926 3552 963 3615 in
978 3559 1181 3637 perpetuum
1196 3552 1376 3617 cumomni

319 3653 562 3740 jurisdictione,
592 3653 761 3732 districtu,
791 3662 828 3720 et
859 3655 983 3721 honore
1013 3677 1085 3721 suo.
1130 3655 1376 3722 Verumtamen

214 3817 217 3821 Δ
320 3779 399 3822 cum
413 3757 457 3822 ad
471 3758 697 3844 recipiendam
711 3781 869 3825 coronam
885 3760 1016 3845 imperii
1038 3761 1094 3826 vel
1116 3782 1177 3846 pro
1200 3762 1378 3839 necessita·

320 3861 411 3927 tibus
434 3862 596 3927 aecclesia
618 3862 660 3928 ab
681 3864 864 3949 apostolica
886 3863 964 3929 sede
987 3865 1100 3930 vocati
1117 3865 1317 3942 venerimus,
1334 3864 1376 3930 (16

320 3964 479 4031 mandato
493 3967 617 4031 summi
631 3968 810 4053 pontificis,
826 3968 1024 4054 recipiemus
1039 3969 1289 4055 procurationes
1304 3970 1376 4035 sive
