3292 4809
324 586 367 653 50
542 606 674 655 sunnon
696 607 903 655 nnurmvnn
929 608 1160 657 mcuunnrs.

323 774 433 840 vimus
449 773 522 840 fieri
538 783 630 841 etex
645 797 685 841 eo
705 776 867 862 plurimas
890 776 1158 862 perturbationes
1180 776 1217 840 in
1239 775 1380 842 ecclesia

323 877 414 956 oriri,
429 900 472 943 ex
496 878 619 963 quibus
642 879 825 945 christiana
847 880 966 968 religio
989 881 1218 958 conculcatur,
1234 879 1381 945 decerni·

323 1001 418 1046 mus:
442 988 483 1046 ut
497 981 613 1048 nullus
628 982 825 1048 clericorum
844 984 1081 1049 investituram
1096 984 1307 1069 episcopatus
1322 983 1379 1050 vel

323 1083 473 1151 abbatiae
500 1086 556 1152 vel
583 1085 741 1153 ecclesiae
768 1086 809 1153 de
836 1108 938 1152 manu
967 1088 1178 1173 imperatoris
1203 1087 1260 1154 vel
1288 1088 1379 1174 regis

323 1189 379 1255 vel
401 1190 544 1276 alicujus
566 1190 671 1256 laicae
693 1211 865 1276 personae,
880 1191 945 1258 viri
960 1192 1016 1257 vel
1033 1190 1190 1268 feminae,
1205 1191 1378 1276 suscipiat.

324 1290 426 1372 Quod
440 1295 470 1359 si
484 1295 755 1380 praesumpserit
771 1302 1009 1383 recognoscat:
1032 1295 1269 1362 investituram
1283 1294 1379 1359 illam

323 1397 506 1484 apostolica
521 1399 719 1464 auctoritate
735 1399 866 1465 irritam
884 1420 966 1476 esse,
991 1406 1026 1464 et
1047 1420 1082 1465 se
1106 1420 1213 1484 usque
1236 1397 1281 1464 ad
1302 1420 1380 1464 con·

323 1499 461 1590 dignam
474 1501 741 1569 satisfactionem
756 1503 1100 1569 excommunicationi
1114 1502 1297 1590 subjacere.

580 1688 624 1772 b)
649 1686 771 1753 Decrea
788 1688 827 1769 of
844 1686 1008 1765 Marem,
1025 1686 1122 1753 1080.

594 1803 596 1809 ’
635 1823 726 1885 [amo
741 1823 1069 1886 Rib.Rer.Ger.‚11.398.]

366 1931 553 2019 sequentes
567 1940 696 2000 statuta
711 1942 905 2000 sanctorum
926 1934 1213 2019 patrum-sicut
1234 1933 1271 1997 in
1292 1934 1379 2019 prio-

322 2037 413 2103 ribus
443 2038 604 2116 conciliis,
632 2059 718 2123 quae
749 2038 823 2103 Deo
850 2039 1029 2103 miserante
1056 2036 1307 2115 celebravimus,
1334 2037 1377 2102 de

322 2141 532 2208 ordinatione
549 2142 850 2208 ecclesiasticarum
865 2141 1072 2228 dignitatum
1086 2142 1267 2207 statuimus
1276 2142 1378 2206 —ita

323 2252 359 2311 et
375 2267 466 2311 nunc
487 2247 670 2332 apostolica
692 2246 894 2311 auctoritate
916 2245 1126 2312 decernimus
1148 2251 1185 2311 et
1207 2245 1379 2311 confirma·

322 2370 418 2415 mus:
442 2356 483 2415 ut
504 2351 533 2416 si
558 2351 634 2435 quis
657 2349 814 2435 deinceps
837 2351 1066 2435 episcopatum
1081 2349 1138 2416 vel
1153 2348 1319 2414 abbatiam
1334 2347 1377 2413 de

323 2475 426 2518 manu
455 2454 600 2540 alicujus
630 2454 734 2520 laicae
765 2475 927 2540 personae
956 2453 1151 2539 susceperit,
1180 2453 1378 2518 nullatenus

322 2558 412 2623 inter
440 2558 611 2643 episcopos
641 2558 698 2624 vel
727 2558 862 2624 abbates
892 2557 1055 2623 habeatur
1083 2578 1145 2622 nec
1175 2557 1247 2622 ulla
1275 2558 1308 2622 ei
1337 2563 1379 2621 ut

322 2662 478 2747 episcopo
508 2682 569 2727 seu
601 2661 714 2728 abbati
751 2661 924 2727 audientia
961 2660 1176 2727 concedatur.
1235 2660 1379 2746 Insuper

322 2767 425 2832 etiam
454 2766 486 2831 ei
514 2767 659 2854 gratiam
687 2767 797 2832 sancti
828 2764 923 2832 Petri
952 2772 988 2831 et
1016 2766 1196 2830 introitum
1218 2763 1378 2829 ecclesiae

322 2870 565 2948 interdicimus,
582 2892 650 2956 quo
668 2892 776 2956 usque
799 2871 923 2948 locum,
940 2891 1041 2955 quem
1063 2867 1126 2933 sub
1147 2868 1284 2935 crimine
1307 2874 1378 2933 tam

322 2973 513 3040 ambitionis
538 2996 641 3060 quam
664 2974 921 3051 inobedientiae,
946 2971 1040 3059 quod
1063 2979 1115 3038 est
1137 2973 1246 3039 scelus
1275 2971 1380 3037 idola·
1408 2962 1411 2968 ’

322 3079 397 3157 trie,
422 3080 522 3163 oepit,
545 3078 770 3165 resipiscendo
797 3100 866 3143 non
896 3077 1029 3143 deserit.
1086 3075 1249 3142 Similiter
1274 3076 1379 3141 etiam

322 3181 364 3248 de
380 3180 592 3248 inferioribus
607 3183 841 3248 ecclesiasticis
856 3181 1080 3268 dignitatibus
1095 3180 1344 3246 constituimus.

367 3286 456 3353 Item
469 3288 499 3351 si
514 3288 590 3371 quis
605 3288 846 3372 imperatorum
860 3307 978 3372 regum
1000 3284 1126 3350 ducum
1147 3283 1380 3350 marchionum

321 3392 485 3456 comitum
499 3390 555 3457 vel
570 3390 716 3476 quilibet
730 3390 954 3456 saecularium
968 3396 1176 3474 potestatum
1191 3394 1252 3453 aut
1271 3408 1381 3473 perso-

321 3516 443 3559 narum
457 3495 695 3560 investituram
710 3495 966 3580 episcopatuum
977 3494 1034 3559 vel
1049 3492 1192 3577 alicujus
1208 3490 1381 3558 ecclesias-

321 3600 407 3664 ticae
430 3598 606 3686 dignitatis
630 3598 709 3664 dare
731 3598 1001 3684 praesumpserit,
1018 3596 1168 3682 ejusdem
1190 3594 1379 3660 sententiae

321 3703 459 3771 vinculo
482 3724 519 3769 se
543 3703 742 3768 obstrictum
765 3724 836 3768 esse
861 3703 956 3767 sciat.
1010 3700 1154 3785 Insuper
1177 3699 1289 3775 etiam,
1314 3698 1379 3761 nisi

321 3807 494 3896 resipiscat
509 3813 544 3873 et
555 3806 715 3873 ecclesiae
730 3807 900 3891 propriam
914 3804 1107 3870 libertatem
1122 3802 1284 3879 dimittat,
1296 3799 1382 3866 divi·

322 3933 385 3977 nae
400 3909 698 3978 animadversionis
714 3910 878 3974 ultionem
893 3909 930 3973 in
944 3910 1007 3974 hac
1028 3906 1197 3993 praesenti
1215 3905 1287 3971 vita
1309 3910 1380 3968 tam

321 4017 358 4081 in
380 4038 516 4101 corpore
540 4036 602 4080 suo
625 4035 727 4101 quam
749 4015 869 4078 ceteris
893 4012 993 4078 rebus
1017 4012 1088 4078 suis
1111 4010 1257 4085 sentiat3
1279 4013 1320 4073 ut
1343 4006 1380 4073 in

321 4120 472 4188 adventu
488 4119 627 4185 Domini
641 4117 780 4203 spiritus
794 4116 909 4183 salvus
924 4115 994 4181 fiat.
