3292 4809
323 582 367 648 62
542 595 675 646 sunnon
696 594 904 645 mnnrnvan
918 596 1150 657 noevnnms.
1195 627 1198 634 ·

324 768 426 845 ahias,
442 773 604 844 monetas,
620 772 657 832 et
671 772 782 831 cetera
804 764 848 830 ad
869 766 966 853 regni
984 766 1161 832 servitium
1176 766 1381 852 pertinentia

322 877 534 957 acceperunt.
580 869 680 936 Unde
695 870 797 936 etiam
815 890 887 935 mos
909 869 1052 936 inolevit
1068 869 1227 936 ecclesiae
1249 870 1382 938 intolle-

323 976 482 1052 rabiliter,
504 981 545 1040 ut
571 974 717 1059 episcopi
744 973 844 1039 electi
871 973 1068 1039 nullomodo
1097 975 1381 1041 consecrationem

231 1139 235 1149 ,
322 1080 523 1166 acciperent,
539 1078 604 1143 nisi
621 1078 716 1163 prius
738 1098 799 1162 per
816 1098 955 1142 manum
977 1079 1104 1165 regiam
1128 1078 1380 1145 investirentur.

324 1184 401 1265 Qua
423 1205 466 1249 ex
489 1203 590 1249 causa
612 1189 647 1247 et
668 1182 859 1269 symoniace
875 1181 1001 1248 heresis
1017 1182 1177 1268 pravitas,
1193 1190 1230 1249 et
1243 1183 1381 1251 ambitio

323 1309 567 1374 nonnunquam
582 1293 679 1352 tanta
689 1286 870 1371 prevaluit,
884 1293 924 1352 ut
936 1287 1032 1352 nulla
1044 1288 1207 1354 electione
1219 1290 1381 1374 premissa

322 1393 528 1479 episcopales
558 1390 717 1457 cathedre
747 1390 994 1457 invaderentur.
1053 1389 1251 1477 Aliquando
1278 1394 1380 1458 etiam

323 1499 411 1564 vivis
440 1497 604 1583 episcopis
634 1496 787 1561 investiti
817 1503 909 1561 sunt.
959 1494 1024 1561 His
1055 1502 1092 1561 et
1121 1496 1196 1561 aliis
1226 1496 1381 1582 plurimis

323 1601 431 1678 malis,
461 1623 527 1687 que
557 1622 618 1686 per
646 1600 865 1665 investituras
902 1599 1103 1686 plerumque
1135 1601 1381 1687 contingerant,

322 1704 571 1791 predecessores
586 1704 703 1782 nostri,
721 1702 905 1791 Gregorius
922 1703 1016 1782 VIL,
1033 1702 1193 1769 Urbanus
1208 1703 1256 1768 11.
1271 1702 1381 1770 felicis

324 1810 481 1875 memorie
503 1808 679 1894 pontifices
702 1808 852 1885 excitati,
869 1807 1020 1873 collectis
1044 1806 1242 1893 frequenter
1259 1808 1383 1893 episco-

323 1911 454 1997 palibus
470 1912 630 1989 conciliis,
645 1912 865 1976 investituras
880 1910 956 1977 illas
975 1932 1094 1976 manus
1118 1910 1203 1977 laice
1226 1910 1383 1997 dampna·

324 2023 457 2093 verunt,
472 2023 507 2081 et
521 2016 582 2102 qui
596 2037 656 2101 per
670 2036 725 2080 eae
741 2013 966 2081 obtinuissent
980 2016 1137 2081 ecclesias
1154 2014 1380 2101 deponendos,

324 2118 503 2185 donatores
529 2140 665 2206 quoque
690 2120 958 2185 communionem
979 2118 1163 2205 privandos
1185 2141 1383 2205 percensue-

324 2230 424 2301 runt3
461 2223 551 2311 justa
587 2223 669 2289 illut
704 2223 965 2309 apostolicorum
996 2244 1163 2289 canonum
1195 2224 1382 2309 capitulum

324 2326 418 2414 quod
435 2328 484 2393 ita
501 2350 537 2393 se
553 2327 644 2393 abet:
670 2324 706 2391 Si
729 2328 806 2413 quis
829 2328 1006 2414 episcopus
1029 2328 1135 2393 seculi
1158 2326 1394 2414 potestatibus.

325 2453 406 2497 usus
429 2430 605 2498 ecclesiam
621 2453 681 2517 per
694 2431 784 2517 ipsos
800 2430 961 2509 obtineat,
977 2431 1166 2517 deponatur
1182 2439 1218 2497 et
1232 2453 1384 2521 segrege·

324 2542 391 2614 tur,
407 2556 589 2621 omnesque
609 2536 669 2621 qui
689 2535 741 2599 illi
762 2536 1023 2601 communicant.
1070 2535 1223 2615 Quorum
1239 2536 1383 2624 vestigia

324 2640 578 2725 subsequentes,
594 2647 630 2705 et
643 2660 704 2705 nos
720 2659 836 2705 eorum
850 2640 1053 2706 sententiam
1072 2640 1254 2725 episcopali
1276 2640 1384 2705 conci·

324 2744 371 2809 lio
387 2743 668 2809 confirmavimus.
714 2743 791 2809 Tibi
809 2744 925 2829 itaque
941 2744 990 2808 fili
1009 2743 1183 2809 karissime
1201 2765 1261 2809 rex
1280 2741 1384 2810 Hein-

324 2849 401 2925 rice,
417 2855 453 2914 et
467 2869 558 2913 nunc
576 2869 637 2933 per
653 2845 800 2912 officium
822 2855 976 2913 nostrum
999 2847 1065 2913 Dei
1088 2847 1197 2935 gratia
1220 2847 1384 2913 Romano

324 2973 401 3016 rum
415 2952 606 3037 imperator,
621 2958 658 3017 et
671 2973 777 3038 regno
792 2952 920 3038 regalia
943 2950 1146 3018 dimittenda
1169 2952 1383 3037 precipimus,

325 3076 392 3140 que
410 3054 455 3120 ad
472 3076 616 3141 regnum
638 3054 817 3121 manifeste
841 3055 1065 3141 pertinebant,
1081 3062 1232 3141 tempore
1254 3054 1383 3132 Karoli,

325 3157 486 3244 Lodoicy,
502 3166 537 3224 et
552 3167 741 3225 ceterorum
755 3158 1030 3245 predecessorum
1049 3166 1197 3224 tuorum.
1243 3158 1385 3224 Interdi-

325 3263 432 3327 cimus
457 3269 493 3328 et
515 3261 579 3327 sub
602 3263 825 3329 anathematis
851 3262 1097 3329 districtionem
1121 3262 1321 3348 proibemus,
1339 3283 1383 3327 ne

326 3367 402 3451 quis
427 3366 660 3451 episcoporum
683 3388 744 3433 seu
769 3366 938 3445 abbatum,
963 3367 1147 3453 presertim
1173 3366 1229 3433 vel
1255 3364 1385 3431 futuro

325 3490 410 3547 rum,
434 3467 551 3534 eadem
572 3470 700 3557 regalia
722 3470 895 3536 invadant.
944 3470 987 3535 Id
1009 3478 1070 3548 est,
1089 3470 1265 3556 eyvitates,
1284 3468 1385 3535 duca·

326 3580 392 3650 tus,
407 3573 581 3650 marchias,
597 3575 787 3652 comitatus,
804 3583 968 3652 monetas,
984 3575 1164 3650 teloneum,
1186 3580 1382 3651 mercatum,

326 3674 517 3742 advocatias
533 3677 639 3763 regni,
655 3677 732 3762 jura
747 3679 994 3756 centurionum,
1011 3685 1047 3744 et
1061 3684 1174 3743 curtes
1195 3698 1261 3764 que
1279 3677 1384 3743 mani·

326 3779 412 3846 feste
427 3781 524 3867 regni
539 3787 644 3858 erant,
660 3803 738 3847 oum
758 3784 972 3868 pertinentiis
994 3783 1073 3860 suis,
1089 3782 1211 3847 militia
1225 3788 1261 3847 et
1275 3788 1384 3847 castra

326 3884 433 3971 regni.
478 3883 549 3950 Nec
565 3906 600 3951 se
617 3884 784 3970 deinceps,
800 3887 866 3951 nisi
881 3888 990 3973 gratia
1004 3887 1103 3974 regis,
1120 3885 1162 3951 de
1184 3886 1266 3970 ipsis
1288 3906 1383 3973 rega·

326 3987 415 4055 libus
435 3988 674 4056 intromittant.
719 3987 780 4056 Set
802 4011 864 4055 nec
886 3990 1029 4078 posteris
1051 3990 1176 4069 nostris
1197 3989 1301 4055 liceat
1323 3989 1385 4077 qui
