3292 4809
537 603 612 650 rnn
634 602 935 652 nonnssrsunns
958 565 1104 651 rnnron.
1285 586 1348 650 149

293 772 506 857 presumpsit,
518 792 557 836 88
573 766 797 837 venerabilem
811 768 951 836 fratrem
967 768 1009 835 0.
1022 770 1255 849 Portuensem,
1267 778 1348 837 1888

294 875 410 941 Sancti
422 874 763 940 Nioholaiinearcere
774 873 933 938 Tulliano
943 872 1124 962 diaconum
1134 873 1348 952 cardinalem,

294 986 329 1045 et
350 979 436 1046 bone
459 980 617 1045 memorie
641 979 674 1044 J.
694 978 931 1044 Prenestinum
953 979 1135 1063 episcopos,
1151 978 1348 1064 Apostolice

294 1082 390 1149 Sedis
405 1083 545 1170 legatos,
560 1081 686 1149 nobilia
704 1090 739 1148 et
756 1102 880 1170 magna
903 1082 1054 1148 Ecclesie
1078 1083 1229 1149 Romane
1250 1104 1350 1148 mem-

293 1187 362 1265 bra,
377 1188 598 1275 personaliter
612 1187 687 1273 capi
701 1185 785 1253 iecit
800 1194 836 1252 81
849 1186 945 1252 bonis
962 1185 1117 1252 omnibus
1134 1186 1294 1272 spoliatos
1310 1208 1349 1253 ao

293 1314 353 1379 per
367 1290 498 1357 diversa
513 1292 587 1357 loca
601 1312 670 1356 non
685 1292 789 1357 semel
812 1291 1035 1378 ignominiose
1056 1290 1218 1356 deductos
1243 1311 1350 1357 caroe-

293 1395 385 1461 ribus
399 1396 593 1482 mancipari.
638 1395 862 1482 Privilegium
876 1396 1014 1479 insuper
1028 1393 1121 1480 quod
1134 1394 1231 1461 beato
1246 1394 1349 1461 Petro

294 1507 330 1567 et
349 1499 596 1566 successoribus
619 1500 692 1586 ejus
715 1500 752 1563 in
775 1501 848 1584 ipso
873 1497 1015 1564 tradidit
1039 1497 1205 1563 Dominus
1224 1498 1349 1565 Jhesus

295 1604 460 1683 Christus,
476 1604 653 1671 videlicet:
678 1602 958 1689 “Quodcumque
980 1602 1140 1690 ligaveris
1161 1623 1262 1688 super
1285 1610 1350 1668 ter-

293 1729 365 1774 ram
391 1708 457 1775 erit
481 1708 626 1797 ligatum
649 1715 685 1774 et
710 1708 746 1771 in
773 1708 866 1785 celis,
889 1714 924 1773 81
946 1707 1183 1793 quodcumque
1208 1706 1348 1773 solveris

293 1820 541 1900 superterram
565 1814 631 1880 erit
654 1812 804 1878 solutum
829 1818 864 1877 81
887 1812 924 1875 18
948 1810 1061 1890 88118,”
1079 1812 1116 1875 18
1138 1832 1206 1897 quo
1229 1812 1348 1897 utique

294 1918 478 1983 auctoritas
503 1925 540 1984 et
563 1925 713 2004 potestas
743 1916 895 1983 Ecclesie
920 1916 1071 1982 Romane
1097 1915 1261 1993 consistit,
1287 1937 1348 2001 pro

294 2021 422 2088 viribus
451 2020 638 2088 diminuere
664 2021 721 2089 vel
749 2022 815 2107 ipsi
846 2020 996 2087 Ecclesie
1025 2018 1170 2087 aufferre
1199 2020 1348 2107 sattegit,

293 2126 442 2193 scribens
477 2148 513 2194 se
550 2125 673 2214 prefati
710 2124 867 2214 Gregorii
895 2126 1102 2191 sentenciam
1131 2146 1201 2189 non
1230 2126 1348 2203 vereri,

251 2249 253 2254 ’
294 2231 397 2296 18188
419 2230 462 2297 ab
484 2252 523 2297 eo
546 2232 929 2297 excommunicationem
952 2229 988 2294 in
1012 2230 1123 2315 ipsum
1146 2251 1215 2295 888
1239 2230 1349 2306 881818

295 2336 496 2420 8881888118
513 2334 663 2401 Ecclesia
679 2335 831 2402 clavibus
847 2357 915 2401 non
929 2335 1105 2413 servando,
1117 2337 1349 2403 verumetiam

294 2461 354 2526 per
373 2461 410 2506 se
433 2462 472 2506 ac
494 2438 652 2505 officiales
669 2461 749 2506 suos
772 2447 807 2506 et
829 2441 923 2505 illam
937 2447 973 2506 81
987 2440 1069 2506 alias
1084 2442 1350 2507 excommunica·

293 2544 396 2610 tionis
412 2545 469 2612 vel
491 2544 666 2610 interdicti
688 2545 873 2611 sententias
896 2566 981 2631 quas
1004 2544 1094 2611 idem
1115 2546 1253 2611 omnino
1274 2567 1350 2612 oon-

294 2649 440 2735 tempsit,
453 2648 603 2737 cogendo
615 2649 697 2714 alias
709 2671 777 2715 non
792 2669 936 2716 servare.
971 2649 1200 2715 Possessiones
1213 2671 1347 2736 quoque

294 2751 423 2839 prefate
438 2753 588 2819 Romane
607 2753 767 2831 Ecclesia,
783 2753 943 2819 videlicet
966 2753 1161 2829 Marohiam,
1177 2753 1348 2832 ducatum,

295 2856 530 2923 Beneventum
546 2858 643 2944 cujus
661 2879 773 2923 muros
796 2865 833 2924 et
854 2865 963 2923 turres
986 2857 1075 2922 dirui
1096 2856 1188 2934 18811,
1204 2878 1242 2923 88
1265 2858 1348 2923 81188

295 2961 430 3047 quasin
446 2961 567 3027 Tusoie
583 2984 621 3028 88
638 2961 836 3028 Lombardie
852 2962 1003 3048 partibus
1016 2970 1051 3027 81
1061 2960 1263 3047 quibusdam
1274 2962 1349 3028 81118

295 3065 469 3151 optinebat
483 3065 577 3143 locis,
592 3067 709 3151 888818
731 3067 890 3152 exceptis,
907 3087 1070 3151 occupare
1093 3087 1162 3130 non
1184 3073 1349 3143 metuens,

295 3190 350 3235 eas
366 3168 476 3236 adhuc
492 3170 622 3237 detinet
637 3178 826 3257 occupatas,
842 3177 878 3236 et
894 3178 1056 3255 tanquam
1078 3169 1110 3235 ei
1131 3190 1201 3234 non
1223 3168 1350 3237 suffice·
1376 3172 1379 3177 ’

294 3282 347 3341 ret
376 3274 469 3361 quod
497 3274 676 3341 manifeste
705 3282 822 3341 contra
845 3274 1033 3361 juramenta
1055 3274 1216 3360 premissa
1237 3295 1351 3360 presu-

295 3379 417 3445 mendo
428 3379 511 3445 talia
522 3379 687 3458 veniebat,
700 3401 761 3466 per
771 3400 805 3445 se
818 3380 874 3446 vel
888 3399 967 3444 suos
983 3376 1140 3444 officiales
1156 3376 1350 3443 earumdem

294 3484 542 3569 possessionum
564 3483 717 3549 homines
740 3483 886 3568 dejerare
910 3481 1083 3568 compulit,
1106 3481 1195 3567 ipsos
1219 3502 1239 3545 a
1263 3481 1351 3566 jura·

295 3587 418 3653 mentis
444 3586 617 3653 fidelitatis
641 3587 763 3673 quibus
789 3587 939 3654 Romane
963 3585 1167 3651 tenebantur
1188 3584 1348 3663 Ecclesia

266 3765 270 3772 ,
295 3687 337 3756 (18
353 3689 454 3769 facto,
470 3712 548 3758 cum
570 3691 612 3757 de
634 3691 707 3776 jure
730 3712 799 3756 non
820 3697 944 3777 posset,
959 3689 1145 3766 absolvens,
1166 3695 1202 3755 81
1223 3687 1350 3754 iaciens

295 3791 430 3860 eosdem
455 3794 654 3880 fidelitatem
683 3794 921 3860 nichilominus
952 3793 1103 3879 abjurare
1133 3791 1348 3879 praedictam,

295 3896 425 3984 sibique
440 3897 614 3972 fidelitatis
633 3898 822 3984 cujusmodi
844 3899 1033 3985 juramenta
1055 3905 1213 3984 prestare.
1252 3896 1350 3962 Pacis

295 4022 376 4068 vero
398 4002 599 4069 violatorem
619 4002 762 4069 existere
785 4003 884 4089 plene
907 4009 1048 4080 constat,
1068 4001 1148 4088 quia
1169 4022 1247 4066 cum
1269 4000 1350 4066 olim
