3292 4809
387 592 524 643 rmuon
545 594 593 644 or
614 594 690 643 run
711 592 958 645 rnaucorusn
978 594 1183 649 mffnnons.
1267 577 1310 645 43

255 760 365 828 aDcc
381 782 575 828 concessam
589 783 753 850 exurgere
773 784 842 828 non
865 763 1018 841 timuisti,
1034 784 1136 849 quam
1157 769 1192 829 te
1214 763 1310 829 nobis

255 864 386 932 auferre
401 886 503 931 ausus
518 887 554 932 es
570 867 709 931 minari:
732 868 830 953 quasi
844 887 906 932 nos
923 888 944 932 a
960 874 995 933 te
1014 888 1158 954 regnum
1178 888 1312 954 accepe-

254 970 370 1048 rimus,
386 970 483 1055 quasi
497 970 535 1035 in
550 977 610 1035 tua
625 976 661 1036 et
675 991 744 1035 non
759 971 796 1034 in
812 970 878 1036 Dei
895 992 999 1036 manu
1020 971 1067 1036 sit
1087 971 1144 1037 vel
1168 992 1310 1059 regnum

254 1074 311 1140 vel
325 1074 513 1160 imperium.
553 1072 643 1154 Quia
661 1073 817 1140 dominus
833 1081 948 1141 noster
962 1074 1063 1141 lesus
1079 1073 1234 1141 Christus
1250 1097 1311 1142 nos

255 1176 299 1243 ad
313 1199 465 1265 regnum,
480 1185 515 1244 te
531 1185 645 1243 autem
666 1199 736 1243 non
752 1180 889 1246 vocavit
910 1176 954 1243 ad
974 1178 1210 1245 sacerdotium.
1255 1180 1311 1245 Tu

254 1282 345 1347 enim
380 1281 434 1347 his
470 1282 629 1370 gradibus
666 1281 859 1361 ascendisti,
888 1282 1018 1348 scilicet
1053 1284 1188 1360 astutia,
1219 1284 1311 1369 quod

253 1385 466 1451 monarchica
495 1385 657 1472 professio
687 1385 932 1464 abhominatur,
956 1387 1144 1473 pecuniam,
1167 1388 1311 1473 pecunia

252 1487 414 1568 favorem,
429 1489 545 1556 favore
567 1489 704 1568 ferrum,
719 1489 809 1556 ferro
832 1490 946 1557 sedem
968 1491 1059 1577 pacis
1081 1490 1192 1569 adisti,
1212 1491 1309 1558 etde

190 1669 192 1674 ,
252 1592 333 1660 sede
354 1595 447 1679 pacis
469 1615 587 1679 pacem
608 1593 870 1672 turbasti,'dum
895 1594 1049 1661 subditos
1078 1595 1114 1659 in
1143 1597 1310 1683 praelatos

253 1698 400 1779 armasti,
423 1697 506 1763 dum
529 1700 702 1785 episcopos
724 1706 857 1765 nostros
879 1719 899 1763 a
921 1697 984 1765 deo
1006 1707 1154 1778 vocatos,
1176 1707 1218 1765 tu
1240 1721 1309 1765 non

252 1810 393 1869 vocatus
422 1802 629 1888 spernendos
659 1801 815 1881 docuisti,
847 1802 929 1868 dum
957 1803 1052 1869 laicis
1083 1804 1309 1870 ministerium

253 1927 369 1973 eorum
390 1928 492 1993 super
512 1907 700 1974 sacerdotes
722 1908 903 1993 usurpasti,
919 1915 960 1973 ut
976 1907 1041 1994 ipsi
1062 1907 1233 1994 deponant
1254 1910 1309 1976 vel

253 2010 512 2097 condempnent,
532 2034 617 2098 quos
639 2012 704 2100 ipsi
727 2033 747 2077 a
768 2033 872 2078 manu
893 2013 959 2080 Dei
980 2035 1041 2101 per
1061 2014 1309 2100 impositionem

253 2136 415 2182 manuum
430 2118 669 2203 episcopalium
684 2117 827 2184 docendi
842 2128 1051 2206 acceperant.
1088 2118 1146 2185 Me
1162 2140 1309 2206 quoque,

253 2221 315 2307 qui
328 2221 410 2288 licet
423 2223 585 2311 indignus
600 2224 691 2290 inter
706 2224 849 2291 christos
864 2224 908 2291 ad
922 2246 1065 2313 regnum
1079 2246 1154 2291 sum
1174 2232 1309 2302 unctus,

253 2325 408 2413 tetigisti,
424 2348 526 2412 quem
540 2335 734 2394 sanctorum
747 2337 882 2415 patrum
896 2330 1034 2396 traditio
1048 2330 1112 2395 soli
1132 2328 1206 2395 Deo
1225 2329 1311 2416 judi-

253 2428 401 2495 candum
416 2429 543 2509 docuit,
559 2453 621 2498 nec
636 2454 698 2519 pro
713 2433 830 2519 aliquo
845 2433 983 2500 crimine
998 2434 1064 2499 nisi
1086 2454 1106 2499 a
1125 2433 1202 2512 fide,
1217 2433 1311 2519 quod

253 2533 351 2612 absit,
369 2534 639 2615 exorbitaverim,
662 2536 900 2623 deponendum
921 2538 1085 2615 asseruit3
1109 2559 1187 2603 cum
1208 2538 1310 2603 etiam

254 2638 432 2707 Julianum
455 2650 641 2729 apostatam
664 2645 845 2730 prudentia
867 2651 1058 2711 sanctorum
1082 2651 1218 2730 patrum
1240 2664 1310 2707 non

253 2743 318 2811 sibi
328 2744 388 2811 sed
396 2746 460 2812 soli
469 2746 542 2813 Deo
553 2747 772 2832 judicandum
781 2748 1086 2835 deponendumque
1096 2747 1309 2825 commiserit,

254 2846 330 2934 Ipse
357 2871 493 2936 quoque
513 2873 614 2918 verus
635 2874 722 2938 papa
745 2853 865 2919 beatus
888 2852 1011 2920 Petrus
1034 2852 1174 2918 clamat:
1198 2851 1311 2916 Deum

254 2952 382 3031 timete,
397 2975 511 3041 regem
526 2954 696 3023 honorate.
730 2956 785 3022 Tu
797 2964 920 3035 autem,
932 2957 992 3043 qui
1001 2955 1103 3023 deum
1117 2976 1187 3021 non
1200 2955 1310 3033 times,

254 3055 292 3121 in
306 3078 359 3123 me
370 3059 595 3124 constitutum
606 3060 679 3146 ejus
691 3059 883 3126 inhonoras.
919 3059 1019 3126 Unde
1034 3059 1154 3126 beatus
1170 3058 1309 3137 Paulus,

254 3159 313 3227 ubi
328 3161 449 3250 angelo
464 3161 506 3228 dc
522 3163 625 3241 coelo,
637 3164 703 3230 alia
714 3165 743 3230 si
757 3165 1012 3251 praedicaverit,
1022 3186 1090 3230 non
1105 3164 1263 3250 pepercit,
1275 3170 1310 3229 te

254 3284 391 3351 quoque
406 3266 443 3329 in
458 3267 555 3332 terris
571 3267 637 3333 alia
650 3269 827 3335 docentem
843 3290 913 3334 non
929 3269 1071 3355 excepit.
1116 3267 1180 3333 Ait
1201 3268 1309 3334 enim:

255 3366 293 3433 si
319 3370 396 3455 quis
422 3370 478 3436 vel
502 3392 566 3458 ego
588 3371 644 3438 vel
670 3373 812 3460 angelus
839 3394 858 3439 e
884 3374 976 3439 coelo
1002 3379 1135 3458 praeter
1156 3370 1194 3437 id
1219 3370 1312 3457 quod

255 3473 524 3561 evangelizatum
547 3482 601 3542 est
620 3476 715 3543 vobis
740 3477 1033 3565 evangelizaverit,
1053 3476 1232 3542 anathema
1254 3475 1310 3540 sit.

255 3574 312 3641 Tu
334 3598 414 3665 ergo
436 3578 499 3645 hoc
523 3580 745 3658 anathemate,
761 3588 798 3647 et
812 3582 963 3647 omnium
985 3582 1216 3667 cpiscoporum
1237 3599 1312 3644 nos-

254 3686 385 3746 trorum
406 3682 533 3768 judicio
556 3691 591 3750 et
612 3692 727 3751 nostro
750 3684 952 3772 dampnatus
968 3684 1142 3762 descende,
1157 3682 1312 3749 vendica·

253 3790 325 3851 tam
346 3785 461 3853 sedem
483 3789 699 3873 apostolicam
721 3790 896 3876 relinque3
919 3790 1005 3855 alius
1026 3790 1062 3853 in
1077 3788 1200 3854 solium
1221 3786 1311 3853 beati

254 3887 350 3956 Petri
365 3890 533 3968 ascendat,
546 3894 606 3979 qui
621 3894 715 3958 nulla
726 3895 924 3960 violentiam
935 3894 1098 3981 religione
1110 3891 1238 3978 palliet,
1250 3889 1311 3957 sed

249 3990 344 4061 beati
370 3993 466 4061 Petri
489 4016 605 4061 sanam
630 3996 749 4063 doceat
773 3997 972 4063 doctrinam.
1030 3997 1104 4085 Ego
1128 3995 1310 4061 Heinricus
