3292 4809
331 598 396 665 128
551 613 685 663 srnncr
707 613 915 663 rmnrmvsr.
936 613 1166 666 nocmmurs.

330 782 475 850 necdum
491 790 543 849 est
558 784 619 869 qui
634 777 831 849 consuletur
845 804 920 849 eam
938 804 981 848 cx
1004 781 1157 847 omnibus
1180 782 1289 848 charis
1312 784 1392 870 ejus,

331 895 366 954 et
387 887 559 975 abstergat
580 887 743 974 lacrymas
766 908 786 953 a
808 887 966 951 maxillis.
1013 885 1101 951 Oum
1121 907 1201 973 ergo
1221 908 1290 953 vox
1313 888 1388 973 ejus

329 992 397 1078 jam
419 992 455 1055 in
478 991 584 1056 Rama
599 992 798 1070 insonuerit,
814 998 850 1057 et
865 990 992 1057 Rachel
1006 1011 1075 1055 non
1089 990 1199 1055 solum
1214 990 1310 1068 filios,
1325 991 1388 1057 sed

330 1094 391 1161 hec
407 1095 520 1160 omnia
534 1095 771 1162 irremediabili
785 1096 1025 1161 lamentatione
1041 1094 1203 1180 deploret,
1216 1095 1293 1180 quis
1308 1093 1387 1161 fide·

329 1200 415 1263 lium
436 1221 472 1265 se
494 1221 514 1264 a
535 1200 717 1289 gemitibus
740 1208 775 1267 et
795 1201 948 1287 suspiriis
971 1198 1183 1265 continebit?
1205 1199 1282 1284 quis
1304 1198 1388 1263 filie

329 1325 406 1378 rum
417 1325 557 1370 cernens
572 1325 736 1391 aquarum
751 1303 917 1390 profluvia
931 1304 1047 1370 matris
1063 1304 1171 1369 oculis
1181 1303 1387 1389 proeduntia

329 1408 492 1494 lacrymas
516 1430 585 1473 non
609 1407 791 1475 effundet?
822 1410 899 1494 quis
925 1409 1042 1475 matris
1068 1429 1137 1474 non
1162 1409 1386 1494 compatietur

330 1514 494 1599 angustiis
510 1533 572 1578 nec
588 1513 758 1579 immensis
780 1513 854 1598 ejus
877 1512 1047 1579 doloribus
1070 1511 1285 1579 condolebit?
1308 1514 1385 1599 quis

329 1614 479 1681 fidelium
503 1626 641 1703 propter
665 1617 728 1683 hcc
755 1638 823 1682 non
853 1615 1026 1683 ardentius
1055 1616 1316 1682 inflammabitur
1342 1617 1386 1682 ad

329 1719 516 1786 subsidium
539 1728 628 1787 terre
651 1727 777 1799 sancte,
801 1742 845 1787 ne
872 1721 1053 1787 christiana
1079 1721 1242 1806 juventus
1265 1742 1309 1787 ex
1338 1721 1387 1785 in·

329 1831 461 1909 sperato
484 1846 564 1891 casu
582 1832 749 1911 prostrata
770 1826 907 1910 penitus
930 1824 1088 1891 videatur
1109 1832 1146 1891 et
1164 1826 1385 1913 ignominiose

214 1998 219 2007 ‚
329 1928 442 1993 animo
474 1929 713 1995 consternata?
745 1950 870 1996 nonne.
890 1930 955 1996 viri
984 1928 1113 1995 cordati
1142 1937 1178 1995 ct
1205 1928 1268 1993 filii
1301 1915 1385 1995 Jesu

331 2030 458 2098 Christi
479 2031 603 2098 debent
624 2033 669 2098 ad
689 2032 878 2099 subsidium
901 2042 992 2100 terre
1014 2039 1129 2099 sancte
1147 2040 1245 2099 tanto
1262 2031 1385 2099 fortius

330 2136 472 2202 animari
494 2145 623 2223 quanto
645 2137 865 2225 ignominiam
886 2138 1092 2224 geminatam
1113 2138 1258 2223 amplius
1282 2137 1387 2203 resul-

330 2247 401 2306 tare
417 2242 632 2326 conspiciunt
643 2262 685 2307 ex
700 2241 869 2326 insperata
884 2243 981 2307 ruina
995 2242 1032 2306 in
1046 2249 1177 2328 patrem
1191 2248 1227 2307 et
1241 2241 1337 2326 filios,
1349 2241 1386 2305 in

331 2342 589 2430 Redemptorem
604 2352 707 2431 atque
721 2344 923 2431 redemptos,
935 2346 972 2410 in
985 2345 1157 2410 Christum
1170 2352 1206 2411 et
1220 2345 1386 2430 populum

330 2446 562 2513 christianum.
606 2448 677 2514 Nos
692 2449 781 2514 enim
796 2449 890 2514 istud
905 2449 1080 2536 negotium
1094 2455 1190 2515 tanto
1211 2447 1386 2514 ardentius

330 2571 499 2617 assumere
514 2550 721 2631 affectamus,
738 2559 774 2617 et
787 2552 1000 2639 profundiori
1023 2554 1163 2619 consilio
1185 2553 1255 2618 alta
1276 2553 1386 2618 inten-

331 2653 442 2720 dimus
464 2655 611 2721 remedia
631 2655 794 2733 invenire,
810 2664 938 2741 quanto
959 2656 1066 2743 major
1087 2656 1254 2723 incumbit
1274 2677 1387 2723 neces·

330 2758 411 2823 sitas
435 2765 538 2825 etex
562 2759 689 2837 multis,
712 2758 856 2825 conflata
880 2760 1051 2826 doloribus
1074 2769 1225 2826 nostram
1247 2761 1386 2848 grandis

330 2864 487 2949 angustia
508 2871 657 2929 mentem
678 2865 810 2949 premit.
857 2864 932 2929 Etsi
954 2866 1045 2930 enim
1068 2862 1234 2931 Dominus
1257 2866 1386 2951 populo

330 2988 392 3032 suc
409 2966 580 3033 modicum
600 2968 787 3034 ostenderit
806 2991 843 3034 se
865 2969 999 3048 iratum,
1015 2968 1057 3034 dc
1079 2970 1172 3035 illius
1196 2991 1298 3034 manu
1320 2969 1386 3035 hoc

330 3077 480 3156 tempore
495 3055 694 3137 sacrificium
711 3094 780 3137 non
797 3080 977 3159 acceptans
999 3074 1059 3158 qui
1081 3073 1296 3159 prudentiam
1317 3094 1388 3139 non

330 3182 384 3241 est
404 3175 557 3241 imitatus
579 3176 717 3241 illorum
738 3199 798 3262 per
813 3199 898 3263 quos
918 3178 1009 3243 salus
1031 3178 1068 3242 in
1089 3177 1194 3243 Israel
1216 3177 1289 3243 fieri
1310 3198 1387 3243 con·

330 3280 453 3357 suevit,
476 3279 628 3345 nondum
652 3288 766 3347 tamen
791 3282 1016 3348 misericordie
1042 3283 1180 3347 Domini
1206 3291 1289 3350 sunt
1310 3304 1388 3349 con·

330 3390 475 3469 sumpte,
511 3405 573 3450 nec
611 3385 684 3471 ejus
722 3387 953 3453 miserationes
997 3388 1134 3473 penitus
1179 3387 1386 3454 defecerrmt.

332 3486 512 3574 Speremus
542 3509 687 3575 namque
717 3490 754 3553 in
783 3490 1010 3557 misericordia
1046 3492 1111 3558 Dei
1148 3491 1257 3558 nostri
1294 3490 1388 3578 quod

331 3593 421 3658 viam
435 3592 531 3684 nobis
546 3593 702 3660 ostendet
723 3616 783 3680 per
801 3617 903 3681 quam
925 3598 961 3660 in
983 3596 1047 3662 hoc
1070 3598 1207 3684 negotio
1229 3618 1387 3684 prospere

331 3696 533 3783 gradiamur,
552 3705 587 3764 et
607 3699 695 3765 viros
718 3699 905 3765 secundum
927 3723 1105 3767 corsuum
1129 3702 1279 3767 Ecclesie
1303 3700 1388 3767 desi·

331 3800 450 3887 gnabit
479 3803 539 3887 qui
569 3803 752 3888 precedant
780 3805 817 3873 in
847 3805 956 3871 cordis
986 3808 1133 3892 puritate
1159 3827 1197 3872 ac
1224 3826 1389 3871 manuum

331 3904 499 3971 munditia
520 3908 707 3972 exercitum
730 3908 959 3974 christianum.
1013 3909 1091 3990 Qua
1113 3919 1251 3997 propter
1271 3909 1390 3975 frater·

331 4007 474 4075 nitatem
495 4016 643 4075 vestram
666 4010 875 4077 obsecramus
897 4014 934 4079 in
956 4012 1113 4093 Domino,
1129 4036 1189 4100 per
1206 4013 1390 4099 apostolica
