3292 4809
622 1143 915 1228 APPENDIX
954 1143 986 1227 Ι.

733 1357 871 1387 -000-

460 1490 537 1557 ran
562 1491 680 1557 emor
707 1493 752 1558 or
778 1492 992 1558 oonsrsnor
1022 1494 1142 1578 um).

642 1632 689 1695 [n.
700 1635 731 1683 o.
740 1635 784 1693 11..
794 1635 844 1683 nn
856 1635 889 1684 11.
900 1634 963 1697 na]

308 1756 346 1812 In
363 1755 478 1811 nomine
495 1760 609 1811 sauctae
618 1761 656 1820 ,et
673 1757 838 1812 individuae
850 1757 1010 1813 Trinitatis.
1046 1756 1217 1824 Fridericus,
1229 1756 1334 1813 divina

271 1844 386 1899 lavante
404 1845 555 1899 clementia
573 1844 766 1899 Romanorum
784 1845 938 1924 imperator
954 1849 984 1900 et
1004 1862 1116 1917 semper
1133 1849 1282 1916 augustus,
1300 1850 1333 1901 et

272 1930 424 1987 Heinricna
442 1936 547 1997 sextus,
559 1931 636 1985 filius
653 1933 724 2003 ejus,
738 1931 931 1987 Romanorum
948 1949 998 1987 rex
1013 1937 1043 1987 et
1058 1933 1169 2004 semper
1180 1936 1331 2003 augustus.

272 2017 431 2090 imperialis
442 2018 608 2074 clementiae
625 2021 774 2073 mansueta
790 2019 928 2073 serenitas
945 2035 1009 2074 eam
1026 2036 1138 2091 semper
1154 2018 1186 2073 in
1203 2018 1332 2075 subditis

271 2104 330 2160 suis
342 2106 581 2176 dispensationem
595 2104 701 2159 favoris
718 2109 748 2158 et
765 2105 875 2175 gratiae
892 2105 996 2160 habere
1007 2106 1163 2172 cousuevit,
1175 2109 1217 2172 ut,
1229 2122 1333 2177 quam-

273 2189 316 2244 vis
328 2191 459 2246 districta
469 2190 619 2246 severitate
630 2207 797 2246 excessuum
808 2191 914 2248 delicta
924 2191 1029 2247 debeat
1037 2196 1067 2246 et
1077 2192 1169 2263 possit
1179 2193 1331 2264 corrigere,

270 2277 362 2349 magis
374 2283 470 2333 tamen
482 2278 596 2332 studeat
607 2276 731 2347 propitia
743 2275 950 2347 tranquillitate
962 2277 1040 2348 pacis
1055 2282 1085 2332 et
1102 2278 1159 2349 piis
1177 2279 1331 2336 affectibus

270 2364 479 2420 misericordiae
493 2364 652 2419 Romanum
665 2362 813 2434 imperium
827 2380 923 2435 regere
934 2368 964 2419 et
978 2364 1127 2420 rebellium
1146 2366 1332 2423 insolentiam

270 2451 308 2507 ad
321 2450 448 2507 debitam
465 2451 551 2507 fidem
567 2455 598 2506 et
615 2451 728 2506 debitae
746 2451 906 2506 devotionis
923 2450 1091 2522 obmquium
1109 2470 1249 2509 revocare.
1286 2455 1332 2511 Ea

269 2542 384 2609 propter
395 2542 546 2609 cognoscat
557 2538 727 2593 universitas
740 2538 869 2592 fidelium
882 2538 994 2610 imperii
1006 2543 1067 2594 tam
1078 2541 1237 2611 praesentis
1255 2548 1332 2599 aeta·

269 2626 308 2680 tia
331 2641 418 2696 quam
441 2641 617 2680 snccessurae
642 2626 825 2695 posteritatis,
849 2627 927 2698 quod
950 2644 1003 2683 nos
1026 2628 1113 2684 solita
1139 2628 1331 2701 benignitatis

269 2716 383 2767 nostrae
394 2711 487 2783 gratia
496 2712 532 2766 ad
544 2711 629 2766 fidem
639 2716 668 2766 et
677 2712 857 2768 devotionem
866 2713 1100 2783 Lombardorum,
1109 2716 1161 2788 qui
1173 2717 1332 2789 aliquando
1432 2776 1437 2785 ,

269 2815 322 2854 nos
333 2803 363 2853 et
374 2798 524 2869 imperium
533 2802 662 2854 nostrum
672 2798 858 2867 offenderant,
868 2801 975 2856 viscera
986 2802 1103 2858 innatae
1115 2804 1200 2859 nobis
1212 2804 1332 2876 pietatis

269 2886 434 2957 aperientes,
454 2903 501 2941 eos
520 2890 549 2941 et
568 2886 731 2941 societatem
750 2904 849 2942 eorum
870 2904 903 2943 ac
922 2888 1048 2945 fautores
1067 2890 1099 2945 iu
1118 2892 1333 2962 plenitudinem

268 2973 378 3045 gratiae
397 2980 509 3029 nostrae
529 2973 692 3044 recepimus,
712 2973 835 3030 offensas
855 2993 953 3031 omnes
973 2981 1003 3031 et
1022 2978 1129 3049 culpas,
1149 2978 1256 3050 quibus
1276 2998 1333 3037 noa

269 3060 307 3116 ad
324 3060 550 3132 indignationem
568 3066 797 3130 provocaverant,
812 3062 965 3118 clementer
975 3064 1017 3119 eis
1033 3065 1213 3121 remittentes
1224 3084 1333 3139 eosque

267 3152 383 3220 propter
396 3147 493 3203 fidelia
510 3147 669 3202 devotionis
687 3164 754 3204 suae
772 3149 895 3215 servitia,
909 3167 982 3221 quae
999 3168 1052 3206 nos
1070 3151 1108 3207 ab
1125 3153 1168 3208 eis
1185 3155 1333 3211 credimus

267 3234 422 3291 certissime
440 3238 608 3305 recepturos,
627 3233 657 3290 in
676 3252 795 3290 numero
818 3236 986 3292 dilectorum
1010 3237 1141 3294 fidelium
1164 3244 1334 3299 nostrorum

267 3323 472 3394 computandos
496 3339 648 3377 censemus.
693 3323 794 3386 Pacem
819 3321 915 3393 itaque
938 3327 1077 3389 nostram,
1100 3343 1188 3397 quam
1208 3327 1251 3382 eis
1275 3330 1334 3385 cle·

267 3415 376 3467 menter
394 3410 537 3465 indultam
555 3409 749 3475 concessimus,
769 3409 914 3479 praecauti
936 3411 1043 3481 pagina
1064 3412 1203 3483 jussimus
1222 3414 1335 3471 subter·

266 3498 353 3554 scribi
375 3502 406 3553 et
427 3496 605 3553 auctoritatis
627 3500 739 3553 nostrae
760 3496 855 3567 sigillo
876 3497 1057 3554 communiri.
1104 3499 1197 3573 Cujus
1217 3500 1267 3557 hic
1286 3507 1334 3559 est

266 3591 348 3643 tenor
359 3589 389 3641 et
401 3585 497 3640 series.

302 3675 327 3729 1.
351 3673 412 3729 Nos
425 3672 619 3729 Romanorum
631 3670 784 3741 imperator
801 3669 963 3725 Fridericus
979 3674 1010 3726 et
1027 3672 1105 3729 filius
1123 3678 1221 3731 noster
1239 3675 1334 3733 Hein-

265 3762 341 3818 ricus
354 3761 548 3816 Romanorum
560 3775 610 3813 rex
623 3757 802 3813 concedimus
814 3756 905 3820 vobis,
919 3757 1094 3826 civitatibus,
1106 3761 1177 3817 locis
1191 3766 1222 3817 et
1237 3779 1335 3834 perso-
1378 3763 1381 3768 '

265 3850 310 3905 nis
322 3848 475 3912 societatis,
486 3833 594 3917 regalia
604 3849 634 3899 et
645 3843 863 3899 consuetudines
872 3848 979 3900 vestras
992 3850 1053 3900 tam
1065 3846 1095 3901 in
1111 3847 1230 3904 civitate
1241 3866 1334 3922 quam

264 3941 348 3993 extra
359 3936 513 4001 civitatem,
522 3931 656 3988 videlicet
664 3930 794 3985 Veronae
803 3933 833 3984 at
841 3934 934 3987 castro
945 3932 1009 4003 ejus
1020 3935 1051 3987 et
1061 3932 1210 3991 suburbiis
1222 3941 1253 3992 et
1264 3917 1334 3995 eliis

433 4038 483 4093 160
