3292 4809
344 580 409 652 158
748 600 944 652 lrrnumx
964 604 990 652 1.

379 771 405 824 9.
432 769 467 823 In
478 769 594 824 civitate
606 768 664 835 illa,
677 768 776 841 inqua
790 770 937 841 episeopus
954 787 1005 841 per
1022 768 1202 841 privilegium
1219 768 1402 841 imperatoris

342 857 388 911 vel
404 856 480 928 regis
494 856 661 911 comitatum
673 856 767 924 habet,
780 857 805 911 11
817 858 946 912 consules
957 874 1008 928 per
1019 857 1113 927 ipsum
1124 857 1287 928 episcopum
1299 875 1402 914 consu·

343 944 434 999 latum
446 944 568 1013 recipere
577 944 676 1009 solent,
687 943 723 997 ab
736 945 797 1015 ipso
807 944 956 1015 recipiant,
966 944 1040 999 sicut
1051 944 1173 1015 recipere
1182 951 1400 1002 consuevcmnt.

343 1031 478 1101 Alioquin
492 1047 676 1101 unaquaeque
688 1031 788 1085 civitas
807 1048 825 1086 a
842 1032 925 1085 nobis
943 1032 1123 1086 consulatum
1134 1031 1260 1103 recipiet.
1298 1033 1402 1090 Conse-

342 1123 468 1189 quenter,
481 1123 565 1189 prout
577 1118 608 1172 in
620 1118 740 1190 singulis
752 1118 917 1173 civitatibus
928 1120 1057 1174 consules
1069 1120 1285 1188 constituentur,
1299 1138 1317 1176 1
1328 1141 1401 1177 nun·

342 1207 384 1261 tio
396 1210 501 1272 nostro,
514 1206 564 1278 qui
576 1206 657 1261 sitin
670 1206 786 1261 civitate
797 1207 844 1262 vel
855 1208 1026 1278 episcopatu,
1039 1206 1237 1264 investituram
1251 1210 1399 1281 recipient

343 1295 381 1349 Et
393 1295 446 1350 hoc
457 1312 546 1365 usque
561 1295 598 1349 ad
612 1295 849 1365 quinquennium.
885 1295 982 1351 Finito
1000 1295 1194 1366 quinquennio
1212 1313 1400 1367 unaquaeque

341 1383 443 1438 civitas
463 1383 561 1437 mittat
582 1382 619 1436 ad
640 1387 766 1437 nostram
789 1383 979 1453 praesentiam
1003 1382 1138 1437 nuntium
1161 1401 1213 1455 pro
1236 1383 1400 1454 recipienda

342 1471 519 1525 investitura
556 1469 594 1524 Et
606 1469 647 1524 sic
661 1470 691 1523 in
706 1473 859 1540 posterum,
871 1470 1005 1525 videlicet
1020 1473 1054 1524 ut
1071 1470 1162 1525 finitis
1180 1471 1300 1541 singulis
1318 1470 1400 1542 quin-

342 1559 473 1629 quenniis
486 1558 597 1613 anobis
609 1558 747 1628 recipiant
759 1556 877 1611 etinira
892 1557 1119 1628 quinquennium
1137 1575 1154 1613 a
1171 1558 1274 1613 nuntio
1290 1562 1399 1625 nostro,

342 1646 415 1701 sicut
427 1646 599 1712 dictumest,
611 1645 669 1699 nisi
686 1645 717 1698 in
735 1643 909 1699 Lombardia
925 1644 1079 1711 fuerimus3
1098 1649 1167 1700 tunc
1183 1645 1261 1700 enim
1279 1662 1297 1700 1
1313 1646 1399 1701 nobis

341 1734 486 1804 recipient.

378 1818 420 1871 10.
444 1817 554 1871 Eadem
565 1815 749 1871 observentur
761 1814 792 1869 in
804 1832 962 1870 successore
974 1818 1080 1871 nostro.
1116 1816 1155 1870 Et
1166 1833 1263 1872 omnes
1280 1815 1400 1872 investi·

335 1908 422 1959 turae
435 1904 506 1958 fiant
518 1904 615 1975 gratis.

378 1993 420 2046 11.
445 1990 518 2046 Cum
537 1995 631 2045 autem
643 2008 695 2045 nos
707 1990 861 2061 imperator
873 1989 971 2044 divina
982 1989 1130 2045 vocatione
1141 1990 1340 2045 decesserimus
1352 1992 1400 2046 vel

341 2095 461 2149 regnum
478 2078 539 2133 111ο
556 2082 654 2132 nostro
671 2076 897 2143 concesserimus,
916 2077 1004 2131 simili
1021 2078 1107 2133 modo
1125 2095 1143 2133 a
1159 2078 1220 2134 filio
1236 2082 1335 2135 nostro
1352 2079 1401 2133 vel

341 2168 403 2236 eJ'us
414 2182 571 2220 successore
583 2164 781 2219 investituram
792 2163 945 2235 recipietis.

381 2254 423 2306 12.
448 2252 483 2306 In
495 2253 587 2308 causis
600 2251 833 2322 appellationum,
848 2251 874 2305 si
891 2251 1036 2321 quantitas
1051 2250 1156 2323 viginti
1173 2252 1298 2324 quinque
1314 2252 1401 2308 libra·

342 2356 406 2392 rum
424 2337 614 2409 imperialium
633 2355 774 2392 summam
792 2338 920 2405 excedat,
940 2339 1093 2409 appellatio
1111 2340 1148 2394 ad
1166 2357 1219 2395 nos
1237 2340 1298 2404 fiat,
1318 2340 1399 2396 salvo

341 2427 404 2497 jure
415 2430 445 2480 et
456 2425 583 2479 moribus
595 2424 752 2478 Brixieusis
763 2425 896 2480 ecclesiae
914 2425 945 2479 in
963 2425 1216 2496 appellationibus:
1234 2426 1277 2481 ita
1291 2430 1399 2493 tamen,

342 2517 444 2567 utnon
456 2516 594 2583 cogantur
606 2512 637 2565 in
650 2512 853 2566 Alamanniam
864 2513 915 2575 ire,
929 2513 978 2566 sed
996 2530 1048 2567 nos
1066 2513 1235 2568 habebimus
1251 2514 1400 2584 proprium

341 2600 475 2654 nuntium
488 2600 519 2653 11
531 2599 647 2653 civitate
659 2599 704 2653 vel
715 2599 887 2669 episcopatu,
900 2599 949 2669 qui
962 2600 997 2654 de
1009 2599 1072 2670 ipsa
1084 2601 1273 2671 appellatione
1284 2618 1401 2672 cognos-

342 2690 388 2740 cat
406 2691 435 2740 et
451 2688 536 2756 juret,
551 2685 628 2755 quod
646 2684 722 2740 bona
739 2685 795 2740 fide
813 2690 843 2740 et
859 2686 921 2740 sine
939 2686 1040 2741 fraude
1058 2704 1157 2741 causas
1174 2687 1353 2743 examinabit
1370 2692 1400 2743 et

343 2775 464 2830 diffiniet
479 2772 634 2827 secundum
646 2790 737 2827 mores
749 2778 778 2827 et
790 2774 867 2843 leges
879 2773 956 2827 illius
968 2774 1092 2828 civitatis
1104 2774 1183 2829 infra
1199 2776 1271 2830 duos
1288 2792 1400 2830 menses

328 2907 330 2911 ,
343 2877 360 2915 1
372 2860 577 2914 contestatione
590 2860 650 2914 litis
662 2859 707 2913 vel
720 2876 737 2914 a
748 2864 874 2930 tempore
890 2861 1088 2931 appellationis
1103 2868 1239 2933 receptae,
1250 2861 1308 2916 nisi
1321 2863 1401 2933 justo

342 2947 545 3017 impedimento
557 2947 603 3000 111
614 2963 752 3000 consensu
763 2947 911 3017 utriusque
923 2947 1012 3017 partis
1025 2950 1204 3003 remanserit.

379 3035 422 3088 13.
449 3032 593 3099 Consules,
603 3034 652 3103 qui
664 3033 694 3087 in
708 3034 872 3088 civitatibus
884 3035 1102 3102 constituentur,
1111 3037 1184 3091 tales
1196 3036 1263 3102 sint,
1272 3036 1322 3107 qui
1334 3036 1401 3091 fide-

342 3122 453 3175 litatem
465 3120 584 3175 fecerint
596 3120 678 3175 nobis
690 3121 736 3177 111
747 3120 865 3187 faciant,
878 3126 1031 3192 antequam
1042 3124 1224 3178 consulatum
1235 3124 1383 3194 recipiant

379 3209 421 3263 14.
445 3207 568 3262 Vassalli
580 3208 671 3261 nostri
683 3224 700 3262 a
711 3207 795 3262 nobis
807 3208 1006 3263 investituram
1025 3210 1167 3281 accipiant
1184 3214 1214 3265 et
1231 3210 1400 3266 fidelitatem

342 3295 459 3360 faciant,
468 3295 542 3349 sicut
555 3294 675 3349 vassalli.
711 3294 807 3349 (lateri
818 3311 928 3361 omnes,
934 3296 1007 3349 sicut
1019 3297 1101 3363 cives,
1112 3314 1129 3351 a
1141 3296 1304 3368 quindecim
1316 3300 1401 3353 annis

342 3401 431 3453 usque
450 3383 487 3437 ad
506 3382 696 3452 septuaginta,
715 3382 772 3436 nisi
791 3382 851 3437 sint
870 3384 941 3437 tales
960 3396 1105 3454 personae,
1125 3385 1230 3456 quibus
1249 3383 1352 3440 debeat
1372 3392 1402 3440 et

342 3470 432 3542 possit
443 3473 651 3524 sacramentum
663 3469 772 3523 remitti
784 3469 845 3523 sine
857 3469 967 3523 fraude.

379 3559 421 3612 15.
446 3557 577 3623 vassalli,
590 3556 640 3627 qui
651 3559 777 3627 tempore
790 3573 907 3626 guerrae
919 3557 964 3610 vel
976 3559 1093 3628 treugae
1108 3576 1166 3613 non
1184 3560 1403 3629 postulaverunt

342 3645 540 3700 investituram
557 3644 603 3699 vel
621 3643 719 3697 debita
736 3643 853 3698 servitia
870 3642 953 3696 nobis
971 3660 1029 3698 non
1047 3643 1247 3712 exhibuerunt,
1260 3645 1313 3700 hae
1325 3664 1404 3701 occa·

342 3732 422 3789 sione
433 3732 552 3787 feudum
564 3749 622 3785 non
635 3731 780 3785 amittant.

380 3822 421 3875 16.
446 3819 614 3874 Libellariae
626 3822 655 3872 et
666 3818 808 3888 precariae
827 3817 858 3872 in
876 3834 927 3871 suo
945 3820 1023 3872 statu
1040 3823 1227 3888 permaneant
1244 3821 1404 3877 secuudum

342 3906 576 3963 consuetudinem
594 3904 679 3958 unius
689 3906 825 3975 cujusque
843 3903 976 3969 civitatis,
987 3921 1047 3958 non
1065 3904 1196 3960 obstante
1214 3905 1276 3978 lege
1294 3911 1403 3977 nostra,

343 4011 415 4066 quae
428 3993 532 4048 dicitur
544 3991 723 4067 impepatopis
736 3990 882 4073 1111111111.
