3292 4809
296 548 360 613 120
513 564 648 612 suuncr
669 561 876 611 ιιιιιιιιιιιιιι.
901 563 1130 612 nocumunrs.

295 835 469 899 amors
499 835 543 897 OF
569 834 779 897 rnanmlox
806 834 847 897 IL
872 835 917 897 TO
941 835 1005 896 ms
1030 835 1199 897 causton
1231 837 1352 917 (1221).

634 1001 679 1065 [ιι.
691 1004 722 1052 a.
731 1004 771 1063 ιι,
784 1005 833 1051 ιι.
843 1005 875 1051 ιι
885 1005 936 1061 aas,
947 1001 1009 1063 aa]

339 1148 529 1216 Fridericus
544 1149 713 1215 secundus
729 1150 793 1215 Dei
808 1150 917 1237 gratia
928 1150 1156 1214 Romanorum
1167 1149 1351 1235 imperator

294 1262 330 1319 et
344 1274 474 1339 semper
489 1261 654 1341 augustus
670 1261 705 1319 et
719 1275 780 1319 rex
793 1252 917 1331 Sicilie,
928 1254 1095 1318 universis
1107 1254 1180 1339 ejus
1192 1253 1350 1320 fidelibus

294 1356 339 1423 ad
350 1379 434 1443 quos
449 1358 564 1424 littere
581 1359 645 1423 iste
668 1359 894 1442 pervenerint,
910 1379 1005 1422 suam
1020 1357 1163 1445 gratiam
1177 1364 1212 1422 et
1226 1357 1350 1423 bonam

294 1462 517 1528 voluntatem.
562 1460 646 1527 Post
668 1461 906 1548 obtentamde
928 1463 1037 1527 multa
1059 1469 1094 1527 et
1108 1463 1200 1527 varia
1221 1461 1351 1528 hostili·

294 1574 364 1632 tate
379 1566 506 1632 facient
520 1566 666 1631 Domino
682 1567 866 1644 victoriam,
882 1574 960 1654 post
981 1566 1144 1652 plurimos
1167 1566 1349 1633 laboriosos

294 1693 428 1760 agones,
443 1673 481 1735 in
505 1670 627 1757 quibus
649 1671 781 1757 imperii
803 1672 924 1748 virtus,
947 1677 983 1736 et
1003 1671 1112 1758 gloria
1133 1671 1349 1757 imperatorie

294 1775 479 1862 majestatis
509 1776 645 1853 enituit,
672 1774 770 1840 decet
798 1796 859 1840 nos
890 1775 1041 1839 omnium
1070 1782 1263 1854 creatorem,
1287 1799 1350 1863 per

294 1902 397 1967 quem
420 1880 577 1958 vivimus,
604 1901 788 1958 movemur,
816 1886 852 1945 et
879 1901 1006 1957 sumus,
1030 1873 1091 1965 per
1116 1902 1218 1965 quem
1246 1880 1351 1966 impe-

293 1984 386 2049 rialis
418 1984 576 2049 culminis
606 1984 731 2069 optatis
760 1982 979 2048 felicitatibus
1008 1983 1243 2069 gubernamur,
1274 1991 1350 2049 toto

293 2089 404 2166 corde,
419 2096 493 2154 tota
514 2095 636 2165 mente,
653 2095 688 2153 et
710 2087 800 2152 omni
820 2088 948 2152 virtute
972 2086 1122 2175 diligere,
1137 2096 1174 2153 et
1195 2089 1228 2153 ei
1251 2087 1351 2154 devo

293 2194 421 2259 tissime
451 2192 606 2258 omnibus
633 2189 761 2256 viribus
786 2190 938 2255 totaliter
967 2190 1142 2256 adherere:
1174 2192 1255 2278 quia
1284 2193 1351 2257 etsi

239 2344 242 2350 -
293 2318 468 2362 successus
483 2296 579 2361 nobis
594 2294 763 2359 mundane
778 2295 1009 2380 prosperitatis
1024 2294 1180 2373 arrideat,
1196 2295 1294 2373 absit,
1309 2305 1351 2362 ut

293 2400 390 2466 favor
403 2400 593 2465 transitorie
609 2399 781 2465 felicitatis
797 2420 858 2462 nos
874 2418 894 2461 a
909 2398 1016 2463 nostri
1030 2399 1214 2465 conditoris
1237 2421 1350 2468 amore

293 2504 419 2590 pariter
443 2511 478 2569 et
503 2504 622 2569 timore
647 2501 815 2567 deflectat.
861 2500 1120 2567 Considerantes
1146 2504 1263 2589 igitur,
1286 2526 1350 2571 nee

293 2609 365 2674 sine
381 2606 603 2672 amaritudine
619 2607 823 2671 amarissima
839 2606 1034 2683 recolentes,
1049 2606 1223 2673 salutifere
1239 2610 1351 2674 erucis

294 2711 498 2797 triumphale
514 2711 689 2788 vexillum,
705 2710 917 2775 Dominicam
939 2710 1159 2795 sepulturam,
1175 2712 1351 2778 civitatem

176 2842 177 2845 ¹
292 2824 453 2894 sanctam,
469 2816 506 2879 in
522 2838 589 2901 qua
604 2816 747 2880 salutem
762 2820 911 2878 nostram
926 2821 979 2879 est
993 2814 1160 2880 Dominus
1180 2823 1350 2900 operatus,

294 2928 330 2987 et
344 2918 534 2986 venerabile
552 2919 728 3004 templum,
745 2925 780 2983 et
801 2918 1022 2982 coenaculum
1043 2919 1169 3004 grande
1191 2926 1350 2998 stratum,

293 3026 329 3089 in
345 3046 413 3110 quo
429 3024 575 3088 Domino
591 3023 713 3108 pascha
728 3021 885 3106 discipuli
899 3028 1112 3106 paraverunt,
1128 3044 1291 3088 conversa
1312 3024 1350 3087 in

293 3129 474 3206 theatrum,
491 3134 526 3193 ct
540 3112 688 3192 seculare
705 3124 896 3202 ridiculum,
913 3123 971 3188 ubi
987 3125 1114 3190 Rachel
1135 3126 1246 3212 plorat
1268 3127 1352 3192 filio

293 3254 368 3298 rum
397 3253 536 3297 suorum
565 3231 740 3317 jugalum3
777 3227 984 3293 horrendum
1013 3227 1155 3306 facinus,
1185 3236 1229 3294 et.
1251 3231 1349 3296 triste

292 3336 532 3423 spectaculum,
549 3336 632 3399 tacti
648 3334 761 3398 dolore
778 3331 885 3397 cordis
901 3332 1104 3397 intrinsecus
1120 3339 1155 3398 et
1168 3332 1290 3399 rubore
1306 3333 1350 3401 de

184 3421 187 3431 Ι
292 3461 455 3507 succursu
471 3439 571 3504 celeri
587 3436 705 3502 diebus
728 3444 763 3502 et
784 3434 941 3499 noctibus
964 3437 1159 3523 cogitamus,
1175 3438 1290 3523 galeas
1315 3447 1351 3504 et

292 3533 406 3622 naves,
425 3549 527 3629 prout
549 3563 600 3607 res
624 3542 740 3627 exigit,
756 3538 932 3625 magnifice
954 3547 1180 3625 preparantes.
1225 3540 1268 3605 In
1289 3542 1351 3605 im-

292 3648 475 3736 perialibus
497 3648 613 3731 itaque
636 3644 783 3709 humeris
802 3643 838 3706 in
853 3643 988 3707 nomine
1005 3641 1167 3708 Crucifixi
1181 3645 1350 3710 vexillum

292 3754 399 3819 crucis
425 3758 581 3838 patenter
602 3756 752 3833 tempore
779 3754 892 3812 nostre
918 3749 1142 3812 coronationis
1170 3748 1350 3827 ereximus,

292 3866 333 3923 ut
348 3857 479 3922 cunctis
494 3854 628 3940 imperii
643 3853 750 3917 nostri
765 3851 920 3915 fidelibus
935 3851 1134 3928 innotescat,
1150 3850 1244 3935 quod
1258 3852 1351 3917 sicut

291 3962 435 4054 gratiam
464 3965 613 4024 nostram
644 3956 793 4042 diligunt
822 3961 858 4019 et
887 3975 1055 4032 coronam,
1077 3953 1121 4018 ad
1149 3973 1351 4018 succursum
