3292 4809
304 608 349 673 54
524 626 657 676 sunnon
680 625 888 676 mnmmvnr.
913 624 1145 676 noommnrs

304 795 523 881 promissione
547 794 695 862 absolvo.
740 794 817 881 Ipse
840 802 955 861 autem
982 793 1165 861 Heinricus
1190 814 1268 860 cum
1293 795 1365 861 suis

304 898 491 965 fautoribus
513 900 550 963 in
572 899 664 965 omni
687 900 921 988 congressione
944 898 1026 965 belli
1048 898 1161 965 nullas
1181 899 1269 965 vires
1291 898 1365 964 nul·

303 1003 439 1088 lamque
453 1003 491 1067 in
505 1004 578 1070 vita
600 1025 662 1069 sua
683 1004 861 1070 victoriam
883 1003 1045 1088 optineat.
1091 1001 1142 1068 Ut
1164 1009 1278 1068 autem
1300 1002 1366 1068 Ro

304 1105 420 1172 dulfus
442 1128 584 1194 regnum
608 1107 875 1173 Teutonicorum
896 1114 995 1194 regat
1016 1112 1053 1171 et
1074 1104 1246 1183 defendat,
1261 1126 1365 1191 quem

304 1209 484 1277 Teutonici
496 1212 673 1299 elegerunt
687 1211 751 1276 sibi
766 1212 803 1274 in
814 1231 938 1299 regem,
951 1208 996 1275 ad
1006 1216 1154 1276 vestram
1165 1208 1364 1276 fidelitatem

303 1335 346 1379 ax
369 1322 463 1399 parte
487 1322 601 1381 vestra
624 1314 713 1381 dono
735 1315 860 1401 largior
883 1321 919 1380 et
940 1312 1107 1389 conced03
1130 1312 1284 1380 omnibus
1300 1312 1364 1379 sibi

303 1416 449 1483 fideliter
473 1418 735 1486 adhaerentibus
758 1417 1005 1484 absolutionem
1031 1418 1182 1483 omniurn
1212 1424 1364 1501 peccato·

303 1543 379 1586 rurn
394 1529 606 1607 vestramque
629 1520 901 1587 benedictionem
916 1521 953 1584 in
968 1520 1032 1586 hac
1047 1511 1121 1587 vita'
1133 1526 1169 1586 et
1183 1520 1220 1585 in
1235 1518 1363 1599 futura,

303 1632 415 1691 vestra
429 1624 538 1691 fretus
553 1624 685 1702 fiducia,
701 1624 838 1712 largior.
884 1623 981 1690 Sicut
995 1623 1087 1690 enim
1102 1623 1285 1690 Heinricus
1301 1645 1362 1710 pro

303 1750 364 1795 sua
379 1729 523 1815 superba
545 1728 793 1794 inoboedientia
808 1735 845 1794 et
859 1726 1008 1794 falsitate
1031 1748 1053 1793 a
1072 1728 1169 1814 regni
1192 1726 1362 1816 dignitate

303 1834 391 1920 juste
415 1832 568 1911 abicitur,
584 1833 633 1898 ita
648 1831 796 1897 Rodulfo
812 1853 874 1917 pro
892 1853 953 1897 sua
971 1831 1165 1898 humilitate
1189 1830 1364 1898 oboedien-

303 1938 351 2002 tia
366 1945 402 2003 et
415 1938 558 2003 veritate
574 1943 723 2023 potestas
739 1944 775 2002 et
790 1936 939 2023 dignitas
954 1936 1052 2024 regni
1068 1935 1275 2002 conceditur.

348 2041 454 2129 Agite
470 2062 560 2106 nnnc
585 2062 700 2127 queso,
715 2048 826 2126 patres
850 2047 886 2106 et
907 2040 1077 2126 principes
1095 2038 1307 2117 sanctissimi,
1323 2046 1365 2106 ut

304 2146 410 2211 omnis
433 2145 580 2210 mundus
602 2144 775 2232 intelligat
797 2151 833 2210 et
855 2151 1046 2233 cognoscat,
1063 2144 1152 2229 quia,
1170 2144 1200 2209 si
1221 2144 1364 2230 potestis

304 2250 340 2313 in
355 2249 448 2315 coelo
464 2250 570 2337 ligare
586 2256 621 2314 et
635 2249 776 2325 solvere,
792 2249 934 2334 potestis
949 2248 986 2313 in
1000 2254 1090 2314 terra
1105 2248 1247 2334 imperia
1257 2269 1364 2337 regna

304 2354 511 2439 principatus
528 2352 672 2418 ducatus
688 2352 853 2417 marchias
865 2352 1046 2418 comitatus
1055 2358 1092 2418 et
1101 2352 1252 2417 omnium
1260 2351 1365 2417 homi·

174 2472 176 2475 ’
214 2536 217 2542 ¹
305 2479 386 2522 num
401 2458 625 2543 possessiones
645 2478 706 2542 pro
721 2456 848 2521 meritis
863 2457 984 2522 tollere
999 2456 1184 2541 unicuique
1199 2463 1235 2522 et
1250 2477 1366 2523 eonce-

305 2561 394 2626 dere.
424 2560 497 2626 Vos
513 2561 604 2625 enirn
619 2560 866 2646 patriarchatus
877 2561 1043 2646 primatus
1059 2560 1363 2647 archiepiscopatus

305 2666 515 2751 episcopatus
528 2663 726 2750 frequenter
738 2664 865 2729 tulistis
876 2665 989 2749 pravis
1002 2671 1038 2730 et
1049 2664 1208 2751 indignis,
1219 2671 1255 2730 et
1265 2664 1361 2752 relig·

304 2770 383 2834 iosis
399 2769 479 2835 viris
496 2766 647 2833 dedistis.
685 2766 722 2833 Si
737 2769 828 2834 enim
839 2767 1027 2854 spiritualia
1041 2766 1210 2853 judicatis,
1222 2767 1307 2854 quid
1321 2768 1364 2835 de

304 2872 530 2938 saecularibus
548 2893 608 2937 vos
631 2894 727 2958 posse
750 2871 955 2938 credendum
978 2870 1047 2938 esti
1093 2872 1192 2938 Etsi
1215 2872 1370 2960 angelos·

305 2976 516 3042 dominantes
546 2975 699 3042 omnibus
728 2974 881 3061 superbis
911 2975 1128 3062 principibus,
1161 2974 1364 3062 judicabitis,

306 3079 389 3165 quid
404 3079 445 3146 de
461 3081 597 3145 illorum
612 3080 717 3145 servis
732 3079 844 3145 iacere
862 3080 1004 3165 potestis
1015 3077 1033 3143 i>
1067 3078 1260 3146 Addiscant
1273 3100 1365 3146 nunc

305 3205 399 3271 reges
422 3191 457 3249 et
480 3205 595 3249 omnes
611 3183 737 3250 saeculi
760 3184 938 3269 principes,
956 3184 1075 3270 quanti
1093 3205 1153 3250 vos
1173 3184 1264 3262 estis,
1280 3182 1366 3270 quid

305 3288 467 3373 potestis3
490 3294 526 3353 et
548 3288 689 3353 timeant
711 3288 806 3373 parvi
829 3286 974 3373 pendere
997 3288 1181 3374 jussionem
1202 3287 1364 3354 ecclesiae

304 3398 447 3458 vestrae.
492 3390 539 3456 Et
564 3392 601 3455 in
624 3391 797 3477 praedicto
821 3391 985 3459 Heinrico
1012 3399 1083 3457 tarn
1106 3392 1174 3458 cito
1199 3390 1364 3478 judicium

305 3501 457 3561 vestrum
473 3501 636 3572 exercete,
651 3503 691 3560 ut
707 3517 820 3561 omnes
832 3495 952 3574 sciant,
965 3495 1047 3581 quia
1060 3516 1129 3560 non
1145 3494 1292 3561 fortuitu
1302 3493 1364 3561 sed

305 3606 417 3664 vestra
438 3605 604 3684 potestate
621 3597 728 3664 cadet.
774 3598 1033 3676 Confundetur3
1056 3599 1188 3665 utinam
1208 3598 1252 3663 ad
1271 3597 1366 3685 peni·

305 3702 456 3779 tentiam,
473 3709 513 3767 ut
528 3702 666 3787 spiritus
682 3703 727 3767 sit
741 3703 856 3768 salvus
871 3704 908 3768 in
923 3702 977 3768 die
993 3702 1141 3768 Domini.

349 3805 439 3871 Acta
454 3805 560 3871 Rome
576 3804 681 3870 Nonis
698 3804 826 3883 Martii,
841 3804 1026 3872 indictione
1041 3805 1073 3871 3.
