3292 4809
536 612 611 658 rma
633 610 936 660 nonnusrnurmr
957 612 1103 661 rurron.
1283 595 1347 663 137

295 779 407 865 pletis,
434 779 536 846 iidem
565 780 834 867 archiepiscopus
864 789 900 847 et
929 781 1104 868 episcopus
1128 781 1350 869 resignabunt

296 883 390 949 nobis
416 892 526 950 castra
553 885 706 970 predicta
731 886 787 952 vel
817 886 873 951 cui
902 907 962 951 nos
992 886 1246 971 preceperimus.
1291 885 1350 951 Ad

296 988 392 1073 cujus
416 989 465 1054 rei
489 990 682 1054 memoriam
710 1011 847 1076 presens
876 990 1041 1075 scriptum
1069 988 1142 1055 fieri
1172 996 1209 1056 et
1236 990 1349 1079 sigillo

222 1108 224 1115 ’
295 1092 480 1177 majestatis
494 1100 609 1159 nostre
623 1094 782 1179 jussimus
798 1094 1007 1159 communiri.

338 1195 428 1261 Data
460 1196 497 1260 in
530 1198 647 1263 castris
677 1219 780 1283 prope
811 1196 1032 1283 Ceperanum,
1062 1218 1152 1264 auno
1182 1198 1348 1266 dominica

294 1298 534 1366 incarnationis
549 1300 645 1381 1230,
662 1323 775 1368 mense
790 1300 950 1389 Augusto
965 1301 1064 1369 tertie
1080 1301 1298 1370 indictionis.¹

780 1528 863 1595 VII.

342 1663 452 1754 [Aug.
469 1664 539 1754 27.]
573 1665 642 1732 Nos
659 1666 872 1733 Eberhardus
888 1666 954 1733 Dei
968 1668 1078 1754 gratia
1096 1666 1349 1757 salzburgensis

294 1770 563 1856 archiepiscopus
587 1777 623 1837 et
648 1769 794 1837 Sifridus
818 1771 1073 1856 Ratisponensis
1096 1771 1281 1862 episcopus,
1304 1770 1349 1837 ad

295 1895 505 1940 communem
519 1876 676 1941 notitiam
691 1877 843 1941 omnium
857 1874 1065 1954 deducimus,
1082 1875 1175 1961 quod
1192 1875 1348 1943 dominus

294 1978 476 2063 imperator
490 2000 591 2063 super
605 1980 747 2045 articulo
763 1978 805 2045 de
820 1980 971 2046 collectis
987 1989 1022 2046 et
1036 1980 1140 2045 talliis
1157 1981 1289 2046 litteras
1310 1981 1348 2046 in

294 2079 403 2146 forma
416 2082 584 2169 suscripta
598 2083 747 2150 confecit
760 2106 821 2169 per
844 2105 959 2150 omnes
981 2091 1093 2169 partes
1114 2084 1211 2171 regni
1233 2082 1348 2150 Sicilie

295 2184 521 2252 destinandas.
568 2196 587 2227 ‘⁶
596 2186 786 2253 Fridericus
801 2188 867 2253 Dei
882 2188 991 2276 gratia
1006 2188 1234 2253 Romanorum
1247 2188 1350 2275 impe·

293 2296 386 2355 rator
408 2311 540 2376 semper
560 2299 725 2378 augustus
750 2292 938 2357 Jerusalem
964 2299 1000 2358 et
1025 2291 1138 2358 Sicilie
1160 2313 1232 2369 rex,
1253 2291 1349 2379 justi-

265 2442 271 2456 .
294 2394 416 2476 tiariis,
426 2394 615 2473 comitibus,
638 2395 827 2475 baronibus,
851 2396 1052 2472 camerariis
1063 2395 1196 2482 bajulis,
1218 2402 1255 2461 et
1275 2396 1350 2461 uni·

294 2498 398 2564 versis
410 2498 605 2564 officialibus
617 2522 677 2585 per
688 2508 810 2565 temam
823 2499 961 2565 Laboris
972 2500 1165 2565 constitutis
1177 2507 1348 2585 presentes

293 2602 424 2668 litteras
438 2602 641 2688 inspecturis
656 2602 811 2669 fidelibus
827 2604 896 2669 suis
911 2604 1055 2689 gratiam
1069 2624 1165 2668 suam
1179 2610 1215 2669 et
1225 2604 1348 2669 bonam

295 2707 518 2772 voluntatem.
563 2703 736 2773 Fidelitati
751 2715 863 2774 vestre
879 2708 942 2773 sub
957 2707 1099 2773 obtentu
1113 2709 1223 2795 gratie
1234 2714 1348 2774 nostre

295 2809 491 2875 mandamus
506 2809 647 2876 firmiter
660 2812 894 2896 precipientes,
911 2813 1070 2897 quatinus
1085 2812 1202 2877 nullus
1219 2812 1266 2877 sit
1287 2812 1347 2897 qui

295 2912 450 2999 deinceps
476 2915 587 2980 tallias
613 2937 674 2981 seu
698 2915 855 2981 collectas
878 2916 1029 3001 imponat
1051 2916 1200 2981 ecclesiis
1220 2936 1349 2981 monas-

295 3018 397 3096 teriis,
413 3018 543 3084 clericis
554 3039 615 3083 seu
627 3019 775 3104 personis
787 3020 1030 3096 ecclesiasticis,
1042 3020 1098 3085 vel
1109 3018 1209 3085 rebus
1220 3040 1346 3097 eorum,

293 3122 396 3187 salvis
412 3121 533 3187 debitis
548 3124 694 3189 servitiis
716 3122 759 3187 ad
782 3144 849 3208 que
871 3131 960 3189 certe
983 3124 1122 3189 ecclesie
1145 3144 1183 3188 ac
1205 3145 1347 3209 persone

293 3226 389 3293 nobis
404 3235 591 3292 noscuntur
606 3249 677 3293 esse
697 3227 888 3312 specialiter
911 3226 1066 3313 obligate.
1111 3227 1202 3292 Data
1224 3228 1260 3292 in
1282 3249 1349 3293 oas-

294 3332 356 3396 tris
370 3351 474 3417 prope
491 3329 700 3416 Ceperanum
717 3331 758 3395 23
774 3330 878 3417 Aug,
895 3330 914 3394 3
931 3329 1070 3396 indict.''
1115 3330 1157 3395 In
1179 3331 1277 3417 cujus
1299 3332 1348 3397 rei

293 3436 527 3501 testimonium
541 3442 712 3520 presentes
727 3436 858 3500 litteras
873 3435 1065 3521 scripsimus
1081 3440 1118 3500 et
1131 3434 1253 3523 sigillis
1274 3455 1350 3501 nos·

294 3539 355 3605 tris
371 3537 512 3605 fecimus
528 3539 737 3604 communiri.

337 3643 428 3710 Data
442 3641 533 3729 apud
549 3641 759 3728 Ceperauum
774 3642 795 3706 6
812 3642 887 3709 Kal.
901 3642 993 3729 Sept.

338 3808 429 3861 ιἸΙιΙε
441 3822 500 3862 was
511 3809 571 3860 also
583 3810 754 3873 guaranteed
765 3810 802 3873 by
813 3822 889 3860 same
901 3808 1089 3860 ecclesiastica
1101 3809 1156 3859 and
1167 3808 1266 3870 dukes,
1278 3808 1349 3862 viru

294 3893 444 3956 exception
455 3892 489 3944 of
504 3892 630 3955 Leopold
641 3891 675 3943 of
690 3891 818 3952 Austris,
831 3904 863 3942 as
874 3904 949 3943 were
960 3892 991 3952 1,
1003 3892 1049 3951 ΙΙ.,
1060 3891 1116 3942 and
1127 3891 1180 3942 ΙΙΙ
