<?xml version="1.0" encoding="UTF-8"?>
<!DOCTYPE html PUBLIC "-//W3C//DTD XHTML 1.0 Transitional//EN"
    "http://www.w3.org/TR/xhtml1/DTD/xhtml1-transitional.dtd">
<html xmlns="http://www.w3.org/1999/xhtml" xml:lang="en" lang="en">
 <head>
  <title>
</title>
<meta http-equiv="Content-Type" content="text/html;charset=utf-8" />
  <meta name='ocr-system' content='tesseract 3.04.00' />
  <meta name='ocr-capabilities' content='ocr_page ocr_carea ocr_par ocr_line ocrx_word'/>
</head>
<body>
  <div class='ocr_page' id='page_1' title='image "./selectmediaeval01mathgoog_0046.png"; bbox 0 0 3292 4809; ppageno 0'>
   <div class='ocr_carea' id='block_1_1' title="bbox 321 594 1157 665">
    <p class='ocr_par' dir='ltr' id='par_1_1' title="bbox 321 594 1157 665">
     <span class='ocr_line' id='line_1_1' title="bbox 321 594 1157 665; baseline 0.001 -4"><span class='ocrx_word' id='word_1_1' title='bbox 321 594 364 662; x_wconf 86' lang='lat'><strong>40</strong></span> <span class='ocrx_word' id='word_1_2' title='bbox 539 613 673 663; x_wconf 74' lang='lat' dir='ltr'><strong>euenor</strong></span> <span class='ocrx_word' id='word_1_3' title='bbox 697 612 907 663; x_wconf 70' lang='lat' dir='ltr'><strong>nummu</strong></span> <span class='ocrx_word' id='word_1_4' title='bbox 928 613 1157 665; x_wconf 79' lang='lat' dir='ltr'><strong>nocurmnrs.</strong></span> 
     </span>
    </p>
   </div>
   <div class='ocr_carea' id='block_1_2' title="bbox 321 780 1376 1179">
    <p class='ocr_par' dir='ltr' id='par_1_2' title="bbox 321 780 1376 1179">
     <span class='ocr_line' id='line_1_2' title="bbox 321 780 1375 867; baseline 0 -20"><span class='ocrx_word' id='word_1_5' title='bbox 321 780 503 847; x_wconf 79' lang='lat' dir='ltr'><strong>discordiae</strong></span> <span class='ocrx_word' id='word_1_6' title='bbox 517 802 620 867; x_wconf 89' lang='lat' dir='ltr'><strong>quam</strong></span> <span class='ocrx_word' id='word_1_7' title='bbox 628 782 665 845; x_wconf 95' lang='lat' dir='ltr'><strong>in</strong></span> <span class='ocrx_word' id='word_1_8' title='bbox 675 781 827 847; x_wconf 89' lang='lat' dir='ltr'><strong>Romana</strong></span> <span class='ocrx_word' id='word_1_9' title='bbox 838 782 978 848; x_wconf 89' lang='lat' dir='ltr'><strong>ecclesia</strong></span> <span class='ocrx_word' id='word_1_10' title='bbox 987 781 1068 848; x_wconf 91' lang='lat' dir='ltr'><strong>diris</strong></span> <span class='ocrx_word' id='word_1_11' title='bbox 1076 781 1279 848; x_wconf 80' lang='lat' dir='ltr'><strong>factionibus</strong></span> <span class='ocrx_word' id='word_1_12' title='bbox 1288 784 1375 849; x_wconf 83' lang='lat' dir='ltr'><strong>exci-</strong></span> 
     </span>
     <span class='ocr_line' id='line_1_3' title="bbox 321 885 1376 971; baseline 0.004 -21"><span class='ocrx_word' id='word_1_13' title='bbox 321 886 410 963; x_wconf 88' lang='lat' dir='ltr'><strong>tasti,</strong></span> <span class='ocrx_word' id='word_1_14' title='bbox 425 907 486 971; x_wconf 89' lang='lat' dir='ltr'><strong>per</strong></span> <span class='ocrx_word' id='word_1_15' title='bbox 507 906 621 950; x_wconf 89' lang='lat' dir='ltr'><strong>omnes</strong></span> <span class='ocrx_word' id='word_1_16' title='bbox 644 885 800 951; x_wconf 89' lang='lat' dir='ltr'><strong>ecclesias</strong></span> <span class='ocrx_word' id='word_1_17' title='bbox 823 885 952 963; x_wconf 89' lang='lat' dir='ltr'><strong>Italiae,</strong></span> <span class='ocrx_word' id='word_1_18' title='bbox 969 885 1177 964; x_wconf 82' lang='lat' dir='ltr'><strong>Germaniae,</strong></span> <span class='ocrx_word' id='word_1_19' title='bbox 1194 886 1325 953; x_wconf 90' lang='lat' dir='ltr'><strong>Galliae</strong></span> <span class='ocrx_word' id='word_1_20' title='bbox 1340 895 1376 954; x_wconf 89' lang='lat' dir='ltr'><strong>et</strong></span> 
     </span>
     <span class='ocr_line' id='line_1_4' title="bbox 322 988 1375 1076; baseline 0.003 -24"><span class='ocrx_word' id='word_1_21' title='bbox 322 988 504 1074; x_wconf 87' lang='lat' dir='ltr'><strong>Hispaniae</strong></span> <span class='ocrx_word' id='word_1_22' title='bbox 515 988 630 1053; x_wconf 80' lang='lat' dir='ltr'><strong>furiali</strong></span> <span class='ocrx_word' id='word_1_23' title='bbox 640 988 810 1054; x_wconf 88' lang='lat' dir='ltr'><strong>dementia</strong></span> <span class='ocrx_word' id='word_1_24' title='bbox 818 990 978 1075; x_wconf 86' lang='lat' dir='ltr'><strong>sparsisti.</strong></span> <span class='ocrx_word' id='word_1_25' title='bbox 1009 988 1149 1055; x_wconf 89' lang='lat' dir='ltr'><strong>Sublata</strong></span> <span class='ocrx_word' id='word_1_26' title='bbox 1160 990 1260 1067; x_wconf 91' lang='lat' dir='ltr'><strong>enim,</strong></span> <span class='ocrx_word' id='word_1_27' title='bbox 1272 1012 1375 1076; x_wconf 90' lang='lat' dir='ltr'><strong>quan·</strong></span> 
     </span>
     <span class='ocr_line' id='line_1_5' title="bbox 321 1091 1376 1179; baseline 0.003 -22"><span class='ocrx_word' id='word_1_28' title='bbox 321 1099 395 1157; x_wconf 90' lang='lat' dir='ltr'><strong>tum</strong></span> <span class='ocrx_word' id='word_1_29' title='bbox 409 1093 444 1156; x_wconf 94' lang='lat' dir='ltr'><strong>in</strong></span> <span class='ocrx_word' id='word_1_30' title='bbox 457 1100 491 1158; x_wconf 91' lang='lat' dir='ltr'><strong>te</strong></span> <span class='ocrx_word' id='word_1_31' title='bbox 502 1091 580 1169; x_wconf 85' lang='lat' dir='ltr'><strong>fuit,</strong></span> <span class='ocrx_word' id='word_1_32' title='bbox 593 1094 684 1157; x_wconf 91' lang='lat' dir='ltr'><strong>omni</strong></span> <span class='ocrx_word' id='word_1_33' title='bbox 698 1100 865 1179; x_wconf 77' lang='lat' dir='ltr'><strong>potestate</strong></span> <span class='ocrx_word' id='word_1_34' title='bbox 881 1093 924 1158; x_wconf 91' lang='lat' dir='ltr'><strong>ab</strong></span> <span class='ocrx_word' id='word_1_35' title='bbox 938 1094 1111 1179; x_wconf 87' lang='lat' dir='ltr'><strong>episcopis,</strong></span> <span class='ocrx_word' id='word_1_36' title='bbox 1128 1115 1214 1179; x_wconf 88' lang='lat' dir='ltr'><strong>quae</strong></span> <span class='ocrx_word' id='word_1_37' title='bbox 1230 1094 1277 1160; x_wconf 89' lang='lat' dir='ltr'><strong>eis</strong></span> <span class='ocrx_word' id='word_1_38' title='bbox 1293 1094 1376 1160; x_wconf 89' lang='lat' dir='ltr'><strong>divi·</strong></span> 
     </span>
    </p>
   </div>
   <div class='ocr_carea' id='block_1_3' title="bbox 191 1195 1376 1283">
    <p class='ocr_par' dir='ltr' id='par_1_3' title="bbox 191 1195 1376 1283">
     <span class='ocr_line' id='line_1_6' title="bbox 191 1195 1376 1283; baseline 0.003 -24"><span class='ocrx_word' id='word_1_39' title='bbox 191 1230 194 1234; x_wconf 38' lang='lat'>*</span> <span class='ocrx_word' id='word_1_40' title='bbox 320 1197 413 1261; x_wconf 88' lang='lat' dir='ltr'><strong>nitus</strong></span> <span class='ocrx_word' id='word_1_41' title='bbox 429 1218 490 1281; x_wconf 91' lang='lat' dir='ltr'><strong>per</strong></span> <span class='ocrx_word' id='word_1_42' title='bbox 503 1197 646 1283; x_wconf 83' lang='lat' dir='ltr'><strong>gratiam</strong></span> <span class='ocrx_word' id='word_1_43' title='bbox 669 1197 780 1262; x_wconf 87' lang='lat' dir='ltr'><strong>sancti</strong></span> <span class='ocrx_word' id='word_1_44' title='bbox 802 1195 960 1282; x_wconf 88' lang='lat' dir='ltr'><strong>Spiritus,</strong></span> <span class='ocrx_word' id='word_1_45' title='bbox 983 1198 1043 1282; x_wconf 92' lang='lat' dir='ltr'><strong>qui</strong></span> <span class='ocrx_word' id='word_1_46' title='bbox 1065 1198 1210 1263; x_wconf 85' lang='lat' dir='ltr'><strong>maxime</strong></span> <span class='ocrx_word' id='word_1_47' title='bbox 1232 1198 1269 1261; x_wconf 93' lang='lat' dir='ltr'><strong>in</strong></span> <span class='ocrx_word' id='word_1_48' title='bbox 1292 1198 1376 1263; x_wconf 93' lang='lat' dir='ltr'><strong>ordi·</strong></span> 
     </span>
    </p>
   </div>
   <div class='ocr_carea' id='block_1_4' title="bbox 320 1300 1376 1699">
    <p class='ocr_par' dir='ltr' id='par_1_4' title="bbox 320 1300 1376 1699">
     <span class='ocr_line' id='line_1_7' title="bbox 320 1300 1373 1387; baseline 0.002 -23"><span class='ocrx_word' id='word_1_49' title='bbox 320 1300 512 1365; x_wconf 90' lang='lat' dir='ltr'><strong>nationibus</strong></span> <span class='ocrx_word' id='word_1_50' title='bbox 542 1309 710 1385; x_wconf 91' lang='lat' dir='ltr'><strong>operatur,</strong></span> <span class='ocrx_word' id='word_1_51' title='bbox 732 1301 855 1365; x_wconf 91' lang='lat' dir='ltr'><strong>collata</strong></span> <span class='ocrx_word' id='word_1_52' title='bbox 886 1322 958 1366; x_wconf 89' lang='lat' dir='ltr'><strong>esse</strong></span> <span class='ocrx_word' id='word_1_53' title='bbox 989 1300 1184 1378; x_wconf 83' lang='lat' dir='ltr'><strong>dinoscitur,</strong></span> <span class='ocrx_word' id='word_1_54' title='bbox 1215 1301 1373 1387; x_wconf 90' lang='lat' dir='ltr'><strong>omnique</strong></span> 
     </span>
     <span class='ocr_line' id='line_1_8' title="bbox 320 1402 1374 1491; baseline 0.001 -23"><span class='ocrx_word' id='word_1_55' title='bbox 320 1425 432 1469; x_wconf 90' lang='lat' dir='ltr'><strong>rerum</strong></span> <span class='ocrx_word' id='word_1_56' title='bbox 444 1404 743 1469; x_wconf 84' lang='lat' dir='ltr'><strong>ecclesiasticarum</strong></span> <span class='ocrx_word' id='word_1_57' title='bbox 755 1403 1043 1469; x_wconf 89' lang='lat' dir='ltr'><strong>administratione</strong></span> <span class='ocrx_word' id='word_1_58' title='bbox 1053 1403 1184 1489; x_wconf 93' lang='lat' dir='ltr'><strong>plebeio</strong></span> <span class='ocrx_word' id='word_1_59' title='bbox 1195 1402 1302 1470; x_wconf 84' lang='lat' dir='ltr'><strong>furori</strong></span> <span class='ocrx_word' id='word_1_60' title='bbox 1313 1427 1374 1491; x_wconf 89' lang='lat' dir='ltr'><strong>per</strong></span> 
     </span>
     <span class='ocr_line' id='line_1_9' title="bbox 320 1506 1376 1594; baseline -0.001 -20"><span class='ocrx_word' id='word_1_61' title='bbox 320 1515 355 1574; x_wconf 91' lang='lat' dir='ltr'><strong>te</strong></span> <span class='ocrx_word' id='word_1_62' title='bbox 378 1508 552 1584; x_wconf 89' lang='lat' dir='ltr'><strong>attributa,</strong></span> <span class='ocrx_word' id='word_1_63' title='bbox 576 1506 658 1572; x_wconf 93' lang='lat' dir='ltr'><strong>dum</strong></span> <span class='ocrx_word' id='word_1_64' title='bbox 680 1508 749 1593; x_wconf 85' lang='lat' dir='ltr'><strong>jam</strong></span> <span class='ocrx_word' id='word_1_65' title='bbox 772 1529 871 1573; x_wconf 91' lang='lat' dir='ltr'><strong>nemo</strong></span> <span class='ocrx_word' id='word_1_66' title='bbox 894 1508 995 1572; x_wconf 92' lang='lat' dir='ltr'><strong>alicui</strong></span> <span class='ocrx_word' id='word_1_67' title='bbox 1020 1510 1194 1594; x_wconf 90' lang='lat' dir='ltr'><strong>episcopus</strong></span> <span class='ocrx_word' id='word_1_68' title='bbox 1212 1516 1273 1574; x_wconf 89' lang='lat' dir='ltr'><strong>aut</strong></span> <span class='ocrx_word' id='word_1_69' title='bbox 1287 1529 1376 1593; x_wconf 89' lang='lat' dir='ltr'><strong>pres-</strong></span> 
     </span>
     <span class='ocr_line' id='line_1_10' title="bbox 320 1610 1375 1699; baseline 0 -23"><span class='ocrx_word' id='word_1_70' title='bbox 320 1611 418 1699; x_wconf 88' lang='lat' dir='ltr'><strong>byter</strong></span> <span class='ocrx_word' id='word_1_71' title='bbox 433 1620 494 1689; x_wconf 87' lang='lat' dir='ltr'><strong>est,</strong></span> <span class='ocrx_word' id='word_1_72' title='bbox 507 1611 572 1677; x_wconf 92' lang='lat' dir='ltr'><strong>nisi</strong></span> <span class='ocrx_word' id='word_1_73' title='bbox 588 1612 648 1697; x_wconf 90' lang='lat' dir='ltr'><strong>qui</strong></span> <span class='ocrx_word' id='word_1_74' title='bbox 663 1611 745 1677; x_wconf 91' lang='lat' dir='ltr'><strong>haec</strong></span> <span class='ocrx_word' id='word_1_75' title='bbox 760 1611 993 1698; x_wconf 87' lang='lat' dir='ltr'><strong>indignissima</strong></span> <span class='ocrx_word' id='word_1_76' title='bbox 1007 1612 1231 1676; x_wconf 83' lang='lat' dir='ltr'><strong>assentatione</strong></span> <span class='ocrx_word' id='word_1_77' title='bbox 1247 1632 1267 1676; x_wconf 96' lang='lat' dir='ltr'><strong>a</strong></span> <span class='ocrx_word' id='word_1_78' title='bbox 1281 1610 1375 1676; x_wconf 84' lang='lat' dir='ltr'><strong>fastu</strong></span> 
     </span>
    </p>
   </div>
   <div class='ocr_carea' id='block_1_5' title="bbox 297 1815 1376 2422">
    <p class='ocr_par' dir='ltr' id='par_1_5' title="bbox 297 1815 1376 2422">
     <span class='ocr_line' id='line_1_11' title="bbox 320 1815 1376 1903; baseline -0.002 -23"><span class='ocrx_word' id='word_1_79' title='bbox 320 1838 400 1894; x_wconf 88' lang='lat' dir='ltr'><strong>rem,</strong></span> <span class='ocrx_word' id='word_1_80' title='bbox 417 1818 578 1903; x_wconf 90' lang='lat' dir='ltr'><strong>illamque</strong></span> <span class='ocrx_word' id='word_1_81' title='bbox 594 1817 855 1902; x_wconf 87' lang='lat' dir='ltr'><strong>pulcherrimam</strong></span> <span class='ocrx_word' id='word_1_82' title='bbox 873 1817 1098 1882; x_wconf 90' lang='lat' dir='ltr'><strong>membrorum</strong></span> <span class='ocrx_word' id='word_1_83' title='bbox 1115 1815 1245 1880; x_wconf 84' lang='lat' dir='ltr'><strong>Christi</strong></span> <span class='ocrx_word' id='word_1_84' title='bbox 1260 1815 1376 1880; x_wconf 92' lang='lat' dir='ltr'><strong>distri-</strong></span> 
     </span>
     <span class='ocr_line' id='line_1_12' title="bbox 297 1918 1376 2008; baseline -0.002 -24"><span class='ocrx_word' id='word_1_85' title='bbox 297 1920 494 1986; x_wconf 92' lang='lat' dir='ltr'><strong>·butionem</strong></span> <span class='ocrx_word' id='word_1_86' title='bbox 515 1942 617 2007; x_wconf 90' lang='lat' dir='ltr'><strong>quam</strong></span> <span class='ocrx_word' id='word_1_87' title='bbox 638 1921 757 1987; x_wconf 87' lang='lat' dir='ltr'><strong>doctor</strong></span> <span class='ocrx_word' id='word_1_88' title='bbox 778 1922 935 2008; x_wconf 86' lang='lat' dir='ltr'><strong>gentium</strong></span> <span class='ocrx_word' id='word_1_89' title='bbox 957 1921 1087 1986; x_wconf 89' lang='lat' dir='ltr'><strong>tociens</strong></span> <span class='ocrx_word' id='word_1_90' title='bbox 1107 1918 1319 1985; x_wconf 91' lang='lat' dir='ltr'><strong>commendat</strong></span> <span class='ocrx_word' id='word_1_91' title='bbox 1340 1927 1376 1982; x_wconf 87' lang='lat' dir='ltr'><strong>et</strong></span> 
     </span>
     <span class='ocr_line' id='line_1_13' title="bbox 319 2020 1376 2108; baseline -0.004 -19"><span class='ocrx_word' id='word_1_92' title='bbox 319 2023 480 2100; x_wconf 89' lang='lat' dir='ltr'><strong>inculcat,</strong></span> <span class='ocrx_word' id='word_1_93' title='bbox 512 2021 691 2088; x_wconf 88' lang='lat' dir='ltr'><strong>miserabili</strong></span> <span class='ocrx_word' id='word_1_94' title='bbox 721 2020 918 2087; x_wconf 84' lang='lat' dir='ltr'><strong>confusione</strong></span> <span class='ocrx_word' id='word_1_95' title='bbox 948 2021 1131 2099; x_wconf 84' lang='lat' dir='ltr'><strong>miscuisti3</strong></span> <span class='ocrx_word' id='word_1_96' title='bbox 1168 2021 1285 2108; x_wconf 90' lang='lat' dir='ltr'><strong>sicque</strong></span> <span class='ocrx_word' id='word_1_97' title='bbox 1314 2044 1376 2107; x_wconf 90' lang='lat' dir='ltr'><strong>per</strong></span> 
     </span>
     <span class='ocr_line' id='line_1_14' title="bbox 319 2125 1374 2213; baseline -0.002 -21"><span class='ocrx_word' id='word_1_98' title='bbox 319 2125 402 2192; x_wconf 89' lang='lat' dir='ltr'><strong>haec</strong></span> <span class='ocrx_word' id='word_1_99' title='bbox 419 2133 479 2190; x_wconf 88' lang='lat' dir='ltr'><strong>tua</strong></span> <span class='ocrx_word' id='word_1_100' title='bbox 494 2126 639 2213; x_wconf 87' lang='lat' dir='ltr'><strong>gloriosa</strong></span> <span class='ocrx_word' id='word_1_101' title='bbox 654 2125 799 2202; x_wconf 88' lang='lat' dir='ltr'><strong>decreta,</strong></span> <span class='ocrx_word' id='word_1_102' title='bbox 816 2125 907 2211; x_wconf 90' lang='lat' dir='ltr'><strong>quod</strong></span> <span class='ocrx_word' id='word_1_103' title='bbox 926 2126 999 2191; x_wconf 91' lang='lat' dir='ltr'><strong>sine</strong></span> <span class='ocrx_word' id='word_1_104' title='bbox 1021 2125 1192 2191; x_wconf 91' lang='lat' dir='ltr'><strong>lachrimis</strong></span> <span class='ocrx_word' id='word_1_105' title='bbox 1215 2125 1281 2191; x_wconf 91' lang='lat' dir='ltr'><strong>dici</strong></span> <span class='ocrx_word' id='word_1_106' title='bbox 1304 2147 1374 2190; x_wconf 91' lang='lat' dir='ltr'><strong>non</strong></span> 
     </span>
     <span class='ocr_line' id='line_1_15' title="bbox 319 2228 1374 2317; baseline 0 -21"><span class='ocrx_word' id='word_1_107' title='bbox 319 2238 442 2316; x_wconf 89' lang='lat' dir='ltr'><strong>potest,</strong></span> <span class='ocrx_word' id='word_1_108' title='bbox 459 2229 587 2296; x_wconf 88' lang='lat' dir='ltr'><strong>Christi</strong></span> <span class='ocrx_word' id='word_1_109' title='bbox 601 2229 672 2296; x_wconf 84' lang='lat' dir='ltr'><strong>fere</strong></span> <span class='ocrx_word' id='word_1_110' title='bbox 689 2252 810 2295; x_wconf 92' lang='lat' dir='ltr'><strong>nomen</strong></span> <span class='ocrx_word' id='word_1_111' title='bbox 824 2231 934 2315; x_wconf 89' lang='lat' dir='ltr'><strong>periit.</strong></span> <span class='ocrx_word' id='word_1_112' title='bbox 982 2228 1067 2310; x_wconf 85' lang='lat' dir='ltr'><strong>Quis</strong></span> <span class='ocrx_word' id='word_1_113' title='bbox 1082 2238 1194 2295; x_wconf 86' lang='lat' dir='ltr'><strong>autem</strong></span> <span class='ocrx_word' id='word_1_114' title='bbox 1210 2229 1298 2295; x_wconf 91' lang='lat' dir='ltr'><strong>illud</strong></span> <span class='ocrx_word' id='word_1_115' title='bbox 1312 2252 1374 2317; x_wconf 90' lang='lat' dir='ltr'><strong>pro</strong></span> 
     </span>
     <span class='ocr_line' id='line_1_16' title="bbox 319 2332 1376 2422; baseline 0 -23"><span class='ocrx_word' id='word_1_116' title='bbox 319 2334 524 2422; x_wconf 84' lang='lat' dir='ltr'><strong>indignitate</strong></span> <span class='ocrx_word' id='word_1_117' title='bbox 547 2335 595 2401; x_wconf 91' lang='lat' dir='ltr'><strong>rei</strong></span> <span class='ocrx_word' id='word_1_118' title='bbox 617 2356 686 2400; x_wconf 93' lang='lat' dir='ltr'><strong>non</strong></span> <span class='ocrx_word' id='word_1_119' title='bbox 707 2341 853 2419; x_wconf 87' lang='lat' dir='ltr'><strong>stupeat,</strong></span> <span class='ocrx_word' id='word_1_120' title='bbox 876 2332 969 2420; x_wconf 93' lang='lat' dir='ltr'><strong>quod</strong></span> <span class='ocrx_word' id='word_1_121' title='bbox 990 2355 1113 2400; x_wconf 87' lang='lat' dir='ltr'><strong>novam</strong></span> <span class='ocrx_word' id='word_1_122' title='bbox 1135 2335 1305 2421; x_wconf 88' lang='lat' dir='ltr'><strong>quandam</strong></span> <span class='ocrx_word' id='word_1_123' title='bbox 1327 2336 1376 2399; x_wconf 91' lang='lat' dir='ltr'><strong>in-</strong></span> 
     </span>
    </p>
   </div>
   <div class='ocr_carea' id='block_1_6' title="bbox 320 2430 1376 2629">
    <p class='ocr_par' dir='ltr' id='par_1_6' title="bbox 320 2430 1376 2629">
     <span class='ocr_line' id='line_1_17' title="bbox 320 2430 1375 2527; baseline 0.001 -23"><span class='ocrx_word' id='word_1_124' title='bbox 320 2438 535 2526; x_wconf 86' lang='lat' dir='ltr'><strong>debitamque</strong></span> <span class='ocrx_word' id='word_1_125' title='bbox 550 2439 737 2524; x_wconf 88' lang='lat' dir='ltr'><strong>potentiam</strong></span> <span class='ocrx_word' id='word_1_126' title='bbox 752 2437 813 2509; x_wconf 88' lang='lat' dir='ltr'><strong>tibi</strong></span> <span class='ocrx_word' id='word_1_127' title='bbox 829 2438 1022 2523; x_wconf 88' lang='lat' dir='ltr'><strong>usurpando</strong></span> <span class='ocrx_word' id='word_1_128' title='bbox 1038 2430 1184 2527; x_wconf 87' lang='lat' dir='ltr'><strong>arrogas,</strong></span> <span class='ocrx_word' id='word_1_129' title='bbox 1199 2447 1240 2505; x_wconf 90' lang='lat' dir='ltr'><strong>ut</strong></span> <span class='ocrx_word' id='word_1_130' title='bbox 1261 2438 1375 2505; x_wconf 86' lang='lat' dir='ltr'><strong>debita</strong></span> 
     </span>
     <span class='ocr_line' id='line_1_18' title="bbox 320 2541 1376 2629; baseline 0.002 -22"><span class='ocrx_word' id='word_1_131' title='bbox 320 2544 495 2609; x_wconf 87' lang='lat' dir='ltr'><strong>universae</strong></span> <span class='ocrx_word' id='word_1_132' title='bbox 507 2542 713 2609; x_wconf 81' lang='lat' dir='ltr'><strong>fraternitati</strong></span> <span class='ocrx_word' id='word_1_133' title='bbox 723 2543 797 2628; x_wconf 84' lang='lat' dir='ltr'><strong>jura</strong></span> <span class='ocrx_word' id='word_1_134' title='bbox 809 2541 986 2608; x_wconf 85' lang='lat' dir='ltr'><strong>destruas?</strong></span> <span class='ocrx_word' id='word_1_135' title='bbox 1016 2542 1147 2609; x_wconf 87' lang='lat' dir='ltr'><strong>Asseris</strong></span> <span class='ocrx_word' id='word_1_136' title='bbox 1157 2543 1257 2621; x_wconf 92' lang='lat' dir='ltr'><strong>enim,</strong></span> <span class='ocrx_word' id='word_1_137' title='bbox 1267 2544 1376 2629; x_wconf 90' lang='lat' dir='ltr'><strong>cujus·</strong></span> 
     </span>
    </p>
   </div>
   <div class='ocr_carea' id='block_1_7' title="bbox 235 2646 1379 4090">
    <p class='ocr_par' dir='ltr' id='par_1_7' title="bbox 235 2646 1379 4090">
     <span class='ocr_line' id='line_1_19' title="bbox 319 2646 1375 2733; baseline 0.001 -20"><span class='ocrx_word' id='word_1_138' title='bbox 319 2669 454 2733; x_wconf 91' lang='lat' dir='ltr'><strong>cunque</strong></span> <span class='ocrx_word' id='word_1_139' title='bbox 477 2655 629 2712; x_wconf 90' lang='lat' dir='ltr'><strong>nostrum</strong></span> <span class='ocrx_word' id='word_1_140' title='bbox 650 2646 862 2732; x_wconf 89' lang='lat' dir='ltr'><strong>parrochiani</strong></span> <span class='ocrx_word' id='word_1_141' title='bbox 881 2646 1019 2732; x_wconf 91' lang='lat' dir='ltr'><strong>aliquod</strong></span> <span class='ocrx_word' id='word_1_142' title='bbox 1033 2646 1077 2711; x_wconf 88' lang='lat' dir='ltr'><strong>ad</strong></span> <span class='ocrx_word' id='word_1_143' title='bbox 1091 2654 1126 2713; x_wconf 85' lang='lat' dir='ltr'><strong>te</strong></span> <span class='ocrx_word' id='word_1_144' title='bbox 1142 2647 1304 2714; x_wconf 89' lang='lat' dir='ltr'><strong>delictum</strong></span> <span class='ocrx_word' id='word_1_145' title='bbox 1319 2648 1375 2714; x_wconf 86' lang='lat' dir='ltr'><strong>vel</strong></span> 
     </span>
     <span class='ocr_line' id='line_1_20' title="bbox 319 2750 1374 2837; baseline -0.003 -19"><span class='ocrx_word' id='word_1_146' title='bbox 319 2752 391 2818; x_wconf 92' lang='lat' dir='ltr'><strong>sola</strong></span> <span class='ocrx_word' id='word_1_147' title='bbox 412 2751 502 2817; x_wconf 84' lang='lat' dir='ltr'><strong>fama</strong></span> <span class='ocrx_word' id='word_1_148' title='bbox 524 2753 708 2837; x_wconf 88' lang='lat' dir='ltr'><strong>perveniat,</strong></span> <span class='ocrx_word' id='word_1_149' title='bbox 731 2751 821 2817; x_wconf 87' lang='lat' dir='ltr'><strong>ultra</strong></span> <span class='ocrx_word' id='word_1_150' title='bbox 842 2751 910 2837; x_wconf 71' lang='lat' dir='ltr'><strong>jam</strong></span> <span class='ocrx_word' id='word_1_151' title='bbox 932 2772 1001 2816; x_wconf 93' lang='lat' dir='ltr'><strong>non</strong></span> <span class='ocrx_word' id='word_1_152' title='bbox 1023 2750 1143 2817; x_wconf 91' lang='lat' dir='ltr'><strong>habere</strong></span> <span class='ocrx_word' id='word_1_153' title='bbox 1169 2772 1374 2837; x_wconf 90' lang='lat' dir='ltr'><strong>quemquam</strong></span> 
     </span>
     <span class='ocr_line' id='line_1_21' title="bbox 319 2854 1376 2942; baseline -0.001 -22"><span class='ocrx_word' id='word_1_154' title='bbox 319 2863 474 2921; x_wconf 90' lang='lat' dir='ltr'><strong>nostrum</strong></span> <span class='ocrx_word' id='word_1_155' title='bbox 500 2856 648 2942; x_wconf 92' lang='lat' dir='ltr'><strong>aliquam</strong></span> <span class='ocrx_word' id='word_1_156' title='bbox 670 2862 872 2941; x_wconf 89' lang='lat' dir='ltr'><strong>potestatem</strong></span> <span class='ocrx_word' id='word_1_157' title='bbox 894 2854 950 2921; x_wconf 89' lang='lat' dir='ltr'><strong>vel</strong></span> <span class='ocrx_word' id='word_1_158' title='bbox 976 2854 1107 2942; x_wconf 86' lang='lat' dir='ltr'><strong>ligandi</strong></span> <span class='ocrx_word' id='word_1_159' title='bbox 1129 2876 1209 2921; x_wconf 92' lang='lat' dir='ltr'><strong>eum</strong></span> <span class='ocrx_word' id='word_1_160' title='bbox 1232 2856 1288 2921; x_wconf 87' lang='lat' dir='ltr'><strong>vel</strong></span> <span class='ocrx_word' id='word_1_161' title='bbox 1313 2855 1376 2921; x_wconf 86' lang='lat' dir='ltr'><strong>sol·</strong></span> 
     </span>
     <span class='ocr_line' id='line_1_22' title="bbox 235 2958 1376 3045; baseline -0.004 -19"><span class='ocrx_word' id='word_1_162' title='bbox 235 3029 237 3034; x_wconf 74' lang='grc'>,</span> <span class='ocrx_word' id='word_1_163' title='bbox 319 2959 432 3037; x_wconf 90' lang='lat' dir='ltr'><strong>vendi,</strong></span> <span class='ocrx_word' id='word_1_164' title='bbox 448 2967 581 3045; x_wconf 90' lang='lat' dir='ltr'><strong>praeter</strong></span> <span class='ocrx_word' id='word_1_165' title='bbox 596 2968 629 3026; x_wconf 90' lang='lat' dir='ltr'><strong>te</strong></span> <span class='ocrx_word' id='word_1_166' title='bbox 644 2960 765 3035; x_wconf 91' lang='lat' dir='ltr'><strong>solum,</strong></span> <span class='ocrx_word' id='word_1_167' title='bbox 781 2966 841 3024; x_wconf 90' lang='lat' dir='ltr'><strong>aut</strong></span> <span class='ocrx_word' id='word_1_168' title='bbox 856 2979 935 3024; x_wconf 92' lang='lat' dir='ltr'><strong>eum</strong></span> <span class='ocrx_word' id='word_1_169' title='bbox 950 2979 1051 3044; x_wconf 91' lang='lat' dir='ltr'><strong>quem</strong></span> <span class='ocrx_word' id='word_1_170' title='bbox 1065 2966 1105 3024; x_wconf 93' lang='lat' dir='ltr'><strong>tu</strong></span> <span class='ocrx_word' id='word_1_171' title='bbox 1121 2959 1310 3044; x_wconf 88' lang='lat' dir='ltr'><strong>specialiter</strong></span> <span class='ocrx_word' id='word_1_172' title='bbox 1331 2958 1376 3023; x_wconf 91' lang='lat' dir='ltr'><strong>ad</strong></span> 
     </span>
     <span class='ocr_line' id='line_1_23' title="bbox 319 3062 1375 3151; baseline -0.002 -22"><span class='ocrx_word' id='word_1_173' title='bbox 319 3063 383 3129; x_wconf 92' lang='lat' dir='ltr'><strong>hoc</strong></span> <span class='ocrx_word' id='word_1_174' title='bbox 399 3064 573 3151; x_wconf 87' lang='lat' dir='ltr'><strong>delegeris.</strong></span> <span class='ocrx_word' id='word_1_175' title='bbox 620 3062 715 3144; x_wconf 84' lang='lat' dir='ltr'><strong>Quae</strong></span> <span class='ocrx_word' id='word_1_176' title='bbox 737 3063 916 3139; x_wconf 89' lang='lat' dir='ltr'><strong>sententia,</strong></span> <span class='ocrx_word' id='word_1_177' title='bbox 932 3083 1033 3148; x_wconf 87' lang='lat' dir='ltr'><strong>quam</strong></span> <span class='ocrx_word' id='word_1_178' title='bbox 1056 3083 1189 3129; x_wconf 92' lang='lat' dir='ltr'><strong>omnem</strong></span> <span class='ocrx_word' id='word_1_179' title='bbox 1209 3062 1375 3127; x_wconf 89' lang='lat' dir='ltr'><strong>insaniam</strong></span> 
     </span>
     <span class='ocr_line' id='line_1_24' title="bbox 320 3165 1376 3253; baseline -0.002 -20"><span class='ocrx_word' id='word_1_180' title='bbox 320 3166 472 3245; x_wconf 86' lang='lat' dir='ltr'><strong>excedat,</strong></span> <span class='ocrx_word' id='word_1_181' title='bbox 503 3168 580 3253; x_wconf 91' lang='lat' dir='ltr'><strong>quis</strong></span> <span class='ocrx_word' id='word_1_182' title='bbox 609 3168 646 3232; x_wconf 93' lang='lat' dir='ltr'><strong>in</strong></span> <span class='ocrx_word' id='word_1_183' title='bbox 674 3168 777 3233; x_wconf 87' lang='lat' dir='ltr'><strong>sacris</strong></span> <span class='ocrx_word' id='word_1_184' title='bbox 807 3166 932 3232; x_wconf 90' lang='lat' dir='ltr'><strong>litteris</strong></span> <span class='ocrx_word' id='word_1_185' title='bbox 962 3166 1117 3232; x_wconf 88' lang='lat' dir='ltr'><strong>eruditus</strong></span> <span class='ocrx_word' id='word_1_186' title='bbox 1143 3187 1212 3231; x_wconf 92' lang='lat' dir='ltr'><strong>non</strong></span> <span class='ocrx_word' id='word_1_187' title='bbox 1237 3165 1376 3233; x_wconf 87' lang='lat' dir='ltr'><strong>videat?</strong></span> 
     </span>
     <span class='ocr_line' id='line_1_25' title="bbox 321 3271 1375 3359; baseline -0.001 -23"><span class='ocrx_word' id='word_1_188' title='bbox 321 3271 411 3351; x_wconf 80' lang='lat' dir='ltr'><strong>Quia</strong></span> <span class='ocrx_word' id='word_1_189' title='bbox 435 3293 514 3359; x_wconf 87' lang='lat' dir='ltr'><strong>ergo</strong></span> <span class='ocrx_word' id='word_1_190' title='bbox 539 3290 600 3357; x_wconf 92' lang='lat' dir='ltr'><strong>per</strong></span> <span class='ocrx_word' id='word_1_191' title='bbox 627 3271 689 3337; x_wconf 91' lang='lat' dir='ltr'><strong>hos</strong></span> <span class='ocrx_word' id='word_1_192' title='bbox 719 3271 869 3356; x_wconf 89' lang='lat' dir='ltr'><strong>aliosque</strong></span> <span class='ocrx_word' id='word_1_193' title='bbox 898 3271 1209 3356; x_wconf 89' lang='lat' dir='ltr'><strong>praesumptionum</strong></span> <span class='ocrx_word' id='word_1_194' title='bbox 1239 3276 1375 3335; x_wconf 90' lang='lat' dir='ltr'><strong>tuarum</strong></span> 
     </span>
     <span class='ocr_line' id='line_1_26' title="bbox 320 3374 1375 3462; baseline 0.002 -21"><span class='ocrx_word' id='word_1_195' title='bbox 320 3376 458 3462; x_wconf 90' lang='lat' dir='ltr'><strong>spiritus</strong></span> <span class='ocrx_word' id='word_1_196' title='bbox 481 3376 656 3442; x_wconf 88' lang='lat' dir='ltr'><strong>ecclesiam</strong></span> <span class='ocrx_word' id='word_1_197' title='bbox 679 3375 745 3441; x_wconf 90' lang='lat' dir='ltr'><strong>Dei</strong></span> <span class='ocrx_word' id='word_1_198' title='bbox 767 3381 838 3440; x_wconf 91' lang='lat' dir='ltr'><strong>tam</strong></span> <span class='ocrx_word' id='word_1_199' title='bbox 859 3374 1009 3460; x_wconf 86' lang='lat' dir='ltr'><strong>graviter</strong></span> <span class='ocrx_word' id='word_1_200' title='bbox 1030 3375 1288 3459; x_wconf 86' lang='lat' dir='ltr'><strong>periclitantem,</strong></span> <span class='ocrx_word' id='word_1_201' title='bbox 1306 3375 1375 3443; x_wconf 90' lang='lat' dir='ltr'><strong>imo</strong></span> 
     </span>
     <span class='ocr_line' id='line_1_27' title="bbox 320 3477 1376 3565; baseline 0.003 -21"><span class='ocrx_word' id='word_1_202' title='bbox 320 3479 391 3546; x_wconf 81' lang='lat' dir='ltr'><strong>iere</strong></span> <span class='ocrx_word' id='word_1_203' title='bbox 413 3478 653 3565; x_wconf 87' lang='lat' dir='ltr'><strong>pessundatam</strong></span> <span class='ocrx_word' id='word_1_204' title='bbox 673 3477 804 3544; x_wconf 92' lang='lat' dir='ltr'><strong>diutius</strong></span> <span class='ocrx_word' id='word_1_205' title='bbox 821 3480 990 3552; x_wconf 91' lang='lat' dir='ltr'><strong>tollerare,</strong></span> <span class='ocrx_word' id='word_1_206' title='bbox 1008 3479 1099 3542; x_wconf 92' lang='lat' dir='ltr'><strong>omni</strong></span> <span class='ocrx_word' id='word_1_207' title='bbox 1120 3480 1209 3544; x_wconf 88' lang='lat' dir='ltr'><strong>malo</strong></span> <span class='ocrx_word' id='word_1_208' title='bbox 1225 3479 1376 3548; x_wconf 89' lang='lat' dir='ltr'><strong>deterius</strong></span> 
     </span>
     <span class='ocr_line' id='line_1_28' title="bbox 320 3581 1378 3669; baseline -0.003 -22"><span class='ocrx_word' id='word_1_209' title='bbox 320 3583 562 3669; x_wconf 85' lang='lat' dir='ltr'><strong>judicavimus3</strong></span> <span class='ocrx_word' id='word_1_210' title='bbox 585 3583 724 3669; x_wconf 87' lang='lat' dir='ltr'><strong>placuit,</strong></span> <span class='ocrx_word' id='word_1_211' title='bbox 741 3589 781 3648; x_wconf 94' lang='lat' dir='ltr'><strong>ut</strong></span> <span class='ocrx_word' id='word_1_212' title='bbox 796 3581 966 3648; x_wconf 90' lang='lat' dir='ltr'><strong>communi</strong></span> <span class='ocrx_word' id='word_1_213' title='bbox 981 3582 1123 3647; x_wconf 90' lang='lat' dir='ltr'><strong>concilio</strong></span> <span class='ocrx_word' id='word_1_214' title='bbox 1138 3581 1289 3647; x_wconf 92' lang='lat' dir='ltr'><strong>omnium</strong></span> <span class='ocrx_word' id='word_1_215' title='bbox 1303 3602 1378 3645; x_wconf 92' lang='lat' dir='ltr'><strong>nos·</strong></span> 
     </span>
     <span class='ocr_line' id='line_1_29' title="bbox 320 3683 1378 3772; baseline -0.004 -20"><span class='ocrx_word' id='word_1_216' title='bbox 320 3693 413 3752; x_wconf 90' lang='lat' dir='ltr'><strong>trum</strong></span> <span class='ocrx_word' id='word_1_217' title='bbox 426 3686 500 3765; x_wconf 91' lang='lat' dir='ltr'><strong>tibi,</strong></span> <span class='ocrx_word' id='word_1_218' title='bbox 516 3685 610 3772; x_wconf 92' lang='lat' dir='ltr'><strong>quod</strong></span> <span class='ocrx_word' id='word_1_219' title='bbox 623 3686 788 3752; x_wconf 88' lang='lat' dir='ltr'><strong>hactenus</strong></span> <span class='ocrx_word' id='word_1_220' title='bbox 804 3685 982 3762; x_wconf 88' lang='lat' dir='ltr'><strong>tacuimus,</strong></span> <span class='ocrx_word' id='word_1_221' title='bbox 998 3684 1195 3763; x_wconf 90' lang='lat' dir='ltr'><strong>innotescat,</strong></span> <span class='ocrx_word' id='word_1_222' title='bbox 1212 3706 1315 3771; x_wconf 89' lang='lat' dir='ltr'><strong>quam</strong></span> <span class='ocrx_word' id='word_1_223' title='bbox 1335 3683 1378 3749; x_wconf 90' lang='lat' dir='ltr'><strong>ab</strong></span> 
     </span>
     <span class='ocr_line' id='line_1_30' title="bbox 320 3788 1378 3875; baseline -0.002 -20"><span class='ocrx_word' id='word_1_224' title='bbox 320 3813 392 3857; x_wconf 89' lang='lat' dir='ltr'><strong>rem</strong></span> <span class='ocrx_word' id='word_1_225' title='bbox 414 3813 477 3857; x_wconf 93' lang='lat' dir='ltr'><strong>nec</strong></span> <span class='ocrx_word' id='word_1_226' title='bbox 500 3790 599 3856; x_wconf 91' lang='lat' dir='ltr'><strong>modo</strong></span> <span class='ocrx_word' id='word_1_227' title='bbox 621 3790 738 3875; x_wconf 88' lang='lat' dir='ltr'><strong>possis,</strong></span> <span class='ocrx_word' id='word_1_228' title='bbox 761 3811 822 3855; x_wconf 93' lang='lat' dir='ltr'><strong>nec</strong></span> <span class='ocrx_word' id='word_1_229' title='bbox 845 3809 997 3875; x_wconf 90' lang='lat' dir='ltr'><strong>unquam</strong></span> <span class='ocrx_word' id='word_1_230' title='bbox 1018 3790 1168 3873; x_wconf 91' lang='lat' dir='ltr'><strong>potueris</strong></span> <span class='ocrx_word' id='word_1_231' title='bbox 1189 3788 1262 3854; x_wconf 91' lang='lat' dir='ltr'><strong>sedi</strong></span> <span class='ocrx_word' id='word_1_232' title='bbox 1285 3809 1378 3874; x_wconf 88' lang='lat' dir='ltr'><strong>apos·</strong></span> 
     </span>
     <span class='ocr_line' id='line_1_31' title="bbox 321 3891 1376 3981; baseline -0.001 -23"><span class='ocrx_word' id='word_1_233' title='bbox 321 3896 442 3961; x_wconf 86' lang='lat' dir='ltr'><strong>tclicae</strong></span> <span class='ocrx_word' id='word_1_234' title='bbox 473 3915 635 3981; x_wconf 88' lang='lat' dir='ltr'><strong>praeesse.</strong></span> <span class='ocrx_word' id='word_1_235' title='bbox 690 3893 745 3958; x_wconf 89' lang='lat' dir='ltr'><strong>Tu</strong></span> <span class='ocrx_word' id='word_1_236' title='bbox 778 3894 850 3978; x_wconf 90' lang='lat' dir='ltr'><strong>ipse</strong></span> <span class='ocrx_word' id='word_1_237' title='bbox 881 3898 1032 3977; x_wconf 90' lang='lat' dir='ltr'><strong>tempore</strong></span> <span class='ocrx_word' id='word_1_238' title='bbox 1062 3891 1168 3957; x_wconf 90' lang='lat' dir='ltr'><strong>bonae</strong></span> <span class='ocrx_word' id='word_1_239' title='bbox 1198 3892 1376 3958; x_wconf 90' lang='lat' dir='ltr'><strong>memoriae</strong></span> 
     </span>
     <span class='ocr_line' id='line_1_32' title="bbox 322 3994 1379 4090; baseline -0.001 -25"><span class='ocrx_word' id='word_1_240' title='bbox 322 3998 475 4067; x_wconf 87' lang='lat' dir='ltr'><strong>Heinrici</strong></span> <span class='ocrx_word' id='word_1_241' title='bbox 489 3998 699 4089; x_wconf 88' lang='lat' dir='ltr'><strong>imperatoris</strong></span> <span class='ocrx_word' id='word_1_242' title='bbox 717 4005 753 4064; x_wconf 91' lang='lat' dir='ltr'><strong>te</strong></span> <span class='ocrx_word' id='word_1_243' title='bbox 774 3997 886 4090; x_wconf 88' lang='lat' dir='ltr'><strong>ipsum</strong></span> <span class='ocrx_word' id='word_1_244' title='bbox 909 3995 1072 4086; x_wconf 84' lang='lat' dir='ltr'><strong>corporali</strong></span> <span class='ocrx_word' id='word_1_245' title='bbox 1093 4002 1301 4069; x_wconf 84' lang='lat' dir='ltr'><strong>sacramente</strong></span> <span class='ocrx_word' id='word_1_246' title='bbox 1323 3994 1379 4064; x_wconf 84' lang='lat' dir='ltr'><strong>ob</strong></span> 
     </span>
    </p>
   </div>
   <div class='ocr_carea' id='block_1_8' title="bbox 0 0 1651 4809">
    <p class='ocr_par' dir='ltr' id='par_1_8' title="bbox 0 0 1651 4809">
     <span class='ocr_line' id='line_1_33' title="bbox 0 0 1651 4809; baseline 0 0"><span class='ocrx_word' id='word_1_247' title='bbox 0 0 1651 4809; x_wconf 95' lang='lat' dir='ltr'><strong> </strong></span> 
     </span>
    </p>
   </div>
  </div>
 </body>
</html>
