3292 4809
480 609 524 677 14
698 629 833 680 aaaron
854 629 1061 681 omninum
1084 631 1317 682 nocuimurs.

478 804 581 883 atque
604 799 811 866 occidentale
833 800 1011 886 imperium
1025 799 1174 867 stabilire
1190 807 1227 866 et
1248 800 1425 868 ecclesiam
1439 823 1513 867 suar

478 903 678 969 catholicam
703 912 855 971 sanctam
880 913 915 970 et
943 905 1204 983 immaculatam,
1232 926 1319 992 quae
1351 912 1425 971 toto
1456 906 1513 972 orb

478 1007 603 1075 diffusa
628 1015 691 1087 est,
712 1010 811 1096 juxta
835 1008 1021 1075 cotidianas
1046 1010 1152 1094 ipsius
1177 1010 1423 1096 postulationes
1446 1010 1513 1076 sicu

478 1134 608 1200 semper
633 1135 750 1201 regere
776 1134 816 1179 ac
845 1120 1031 1200 protegere,
1058 1114 1107 1179 ita
1133 1114 1236 1179 etiam
1261 1135 1353 1179 nunc
1382 1114 1473 1181 idem
1498 1116 1513 1178 i:

478 1225 593 1285 nostro
608 1224 759 1305 tempore
773 1216 921 1284 adunare
937 1225 1039 1303 atque
1054 1216 1229 1304 pacificare
1244 1216 1404 1307 dignatus
1418 1225 1481 1285 est.

936 1445 1076 1475 *σοὺ-

479 1617 757 1683 ΟΗΔΒΙιΕΜΑὓΠΕ
778 1615 961 1680 arnonus
983 1615 1093 1680 totns
1115 1617 1180 1680 ms
1203 1616 1413 1681 SUOOESSOB
1438 1617 1513 1686 (8131

682 1763 836 1825 [chronicon
846 1764 1039 1823 Moissiacense3
1055 1764 1091 1811 M.
1101 1763 1131 1812 G.
1140 1764 1183 1821 Η.,
1192 1764 1236 1812 SS.
1244 1766 1264 1811 1.
1271 1762 1333 1823 aba]

481 1840 536 1901 (Os.
544 1841 590 1889 the
598 1840 743 1899 tullerand,
752 1840 884 1900 probably,
893 1839 944 1887 less
958 1840 1127 1899 trustworthy
1136 1844 1246 1886 account
1255 1840 1283 1886 ln
1292 1840 1421 1900 Tbegan’s
1434 1840 1493 1888 Lite
1507 1855 1513 1886 ι

803 1914 889 1972 Iouis,
900 1913 936 1960 Μ.
948 1913 979 1961 G.
990 1914 1033 1971 Η.,
1045 1914 1088 1961 SS.
1098 1914 1131 1961 11.
1142 1914 1206 1972 591.)

521 2057 610 2124 (lum
639 2078 803 2124 consensu
829 2063 865 2123 et
889 2056 1129 2123 acclamatione
1155 2057 1304 2123 omnium
1332 2059 1513 2144 populorur

477 2161 689 2228 Ludovicum
703 2162 812 2227 filium
834 2161 1012 2227 constituit
1032 2162 1266 2247 imperatorem
1286 2183 1402 2228 secum
1422 2183 1461 2228 ac
1476 2184 1513 2248 pe

477 2287 634 2333 coronam
648 2287 783 2332 auream
798 2264 940 2331 tradidit
955 2266 986 2331 ei
1001 2266 1181 2351 imperium
1196 2266 1330 2350 populis
1351 2266 1513 2332 acclamar

476 2369 568 2436 tibus
594 2376 630 2435 et
654 2368 864 2435 dicentibus:
894 2368 1001 2435 Vivat
1029 2370 1209 2453 imperator
1238 2368 1443 2437 Ludovicus.
1488 2369 1513 2434 E

366 2462 367 2465 ¹
477 2472 569 2540 facta
579 2478 632 2539 est
645 2472 775 2540 laetitia
789 2493 912 2561 magna
926 2472 963 2536 in
978 2473 1103 2558 populo
1118 2473 1154 2536 in
1170 2473 1230 2538 illa
1245 2472 1310 2539 die.

931 2700 1069 2729 —000—

736 2869 981 2935 consummo
1004 2869 1159 2934 ΗΘΚΛΜ
1181 2871 1276 2939 (824).

820 3016 867 3079 [u.
878 3018 909 3066 a.
921 3018 964 3077 n,
975 3018 1024 3065 m.
1036 3019 1057 3064 1.
1067 3018 1119 3075 aaa,
1129 3015 1193 3077 mot

528 3160 684 3250 Capitale
700 3183 780 3251 quae
797 3159 934 3226 domnae
949 3158 1149 3225 Hlothariaa
1164 3160 1341 3249 imperator
1358 3161 1404 3226 cd
1419 3162 1513 3227 timia

479 3265 564 3332 beati
591 3265 692 3331 Petri
717 3265 856 3353 apostoli
885 3274 1023 3353 tempore
1052 3262 1200 3347 Ecqeaii
1225 3265 1344 3330 summi
1368 3266 1513 3354 pontefice

476 3369 633 3436 instituit.

521 3503 553 3569 1.
577 3503 812 3570 Constitutum
833 3503 1004 3581 habemus,
1024 3510 1065 3569 ut
1088 3524 1203 3569 omnes
1227 3503 1288 3589 qui
1310 3503 1374 3569 sub
1397 3504 1513 3589 special

478 3608 673 3676 defensione
689 3608 804 3675 domni
826 3609 1002 3694 apostolici
1017 3629 1077 3673 seu
1093 3615 1206 3673 nostra
1228 3607 1358 3674 fuerint
1375 3614 1513 3691 suscept:

476 3717 655 3803 impetrata
669 3714 910 3781 inviolabiliter
924 3714 1015 3800 justa
1030 3719 1171 3778 utantur
1186 3711 1392 3778 defensione.
1432 3710 1513 3790 Quo

476 3822 506 3888 si
533 3821 610 3907 quis
635 3820 672 3884 in
698 3839 913 3906 quocumque
939 3817 1003 3883 hoc
1033 3823 1264 3901 contemptum
1288 3816 1413 3882 violare
1443 3836 1513 3901 pra<

476 3926 665 4011 sumpserit,
680 3924 765 3990 sciat
786 3944 821 3989 se
844 3922 1032 4008 periculum
1053 3922 1142 3987 vitae
1158 3941 1237 3985 suae
1257 3942 1328 3987 esse
1351 3922 1513 3984 incursun

477 4028 566 4096 Nam
577 4037 612 4097 et
626 4029 690 4097 hoe
705 4028 927 4108 decernimus,
939 4035 980 4095 ut
994 4027 1117 4093 domno
1129 4026 1311 4113 apostolico
1326 4027 1363 4089 in
1378 4025 1513 4092 omnibu
