3292 4809
298 517 362 585 118
516 534 650 583 smncr
675 532 881 582 nmmum
905 533 1134 583 oocmmurs.

342 704 432 768 Acta
443 710 525 768 sunt
539 701 620 768 haec
637 723 725 767 enno
740 701 869 766 domini
884 702 990 767 nostri
1006 702 1028 767 J
1030 724 1090 767 esu
1107 701 1235 769 Christi
1255 703 1354 784 1213,

296 806 482 872 indictione
505 807 622 892 prima,
645 814 807 893 regnante
834 805 971 870 domino
997 805 1175 872 Frederico
1203 808 1356 874 secundo

298 911 526 975 Romanorum
549 931 628 997 rege
654 910 801 996 glorioso
825 918 861 975 et
885 931 964 996 rege
991 908 1117 988 Sicilie,
1140 931 1230 975 anno
1256 914 1355 1000 regni

297 1016 369 1101 ejus
386 1014 530 1078 Romani
544 1015 664 1100 primo,
681 1012 815 1079 Siciliae
831 1034 912 1079 vero
927 1012 980 1077 16.

341 1119 469 1183 Datum
492 1118 585 1204 apud
608 1117 734 1203 Egram
758 1138 819 1202 per
840 1137 960 1182 manus
983 1116 1138 1183 Bertoldi
1160 1117 1202 1185 de
1225 1117 1354 1199 Niffen,

296 1223 418 1311 regalis
433 1222 529 1287 aulae
544 1221 799 1307 prothonotarii,
816 1227 938 1306 quarto
953 1220 1036 1286 Idus
1052 1220 1074 1286 J
1076 1221 1148 1286 ulii.

754 1466 893 1495 —000—

318 1655 419 1719 curs
443 1654 572 1718 suoru
594 1654 881 1813 rrrarosmossu
908 1654 949 1715 u
977 1653 1023 1716 ro
1047 1653 1236 1718 munuum
1262 1654 1335 1719 111¹

772 1753 842 1833 (121
863 1753 889 1831 ).

726 1912 820 1972 [rs-s,
832 1914 852 1959 1.
863 1910 927 1973 sn]

338 2053 382 2118 In
411 2052 546 2117 nomine
576 2059 692 2117 sancte
718 2059 753 2117 et
778 2053 957 2118 individue
984 2054 1176 2120 Trinitatis.
1227 2051 1353 2121 Amen.

298 2158 372 2244 Ego
388 2155 580 2220 Fridericus
596 2154 632 2218 ΙΙ
649 2154 714 2220 Dei
728 2155 839 2241 gratia
854 2155 1082 2219 Romanorum
1097 2175 1156 2221 rex
1172 2164 1207 2221 et
1221 2178 1354 2243 semper

296 2268 462 2349 augustus
478 2267 513 2325 et
527 2280 588 2324 rex
605 2257 729 2335 Sicilie,
745 2258 808 2324 tibi
827 2257 963 2323 domino
985 2280 1060 2323 meo
1078 2260 1291 2325 sanctissimo
1313 2284 1353 2327 ac

296 2366 384 2452 patri
399 2364 568 2430 carissimo
584 2362 784 2427 Innocentio
799 2383 885 2447 pape
900 2361 956 2426 III
970 2362 1108 2447 tuisque
1123 2365 1353 2431 sucessoribus

296 2477 331 2535 et
346 2468 495 2534 Ecclesie
519 2467 678 2543 Romane,
694 2465 905 2551 presentibus
927 2465 1123 2551 subscriptis
1144 2468 1352 2554 principibus

295 2573 426 2658 imperii
453 2579 488 2637 et
510 2569 688 2646 nobilibus,
711 2569 871 2653 spondeo,
894 2570 1056 2654 polliceor
1078 2577 1113 2635 et
1134 2572 1294 2656 promitto
1317 2581 1354 2639 et

294 2678 370 2763 juro
386 2674 479 2761 quod
501 2695 615 2739 omnes
636 2673 872 2759 possessiones,
887 2673 1030 2739 honores
1054 2682 1088 2739 et
1109 2674 1185 2760 jura
1207 2677 1352 2742 Romani

296 2780 446 2846 Ecclesia
462 2800 523 2865 pro
539 2798 635 2863 posse
651 2798 726 2842 meo
747 2776 835 2841 bona
856 2776 924 2842 fide
946 2784 1122 2864 protegam
1144 2786 1180 2844 et
1200 2780 1351 2847 servabo.

296 2883 527 2949 Possessiones
548 2888 663 2946 autem
686 2902 769 2966 quas
792 2880 945 2946 Ecclesia
967 2881 1118 2946 Romana
1139 2887 1353 2969 recuperavit

293 2989 415 3054 liberas
432 2994 467 3052 et
482 2986 614 3071 quietes
629 2984 693 3050 sibi
708 2983 887 3063 dimittam,
903 2992 939 3050 et
953 2985 1060 3070 ipsam
1074 2985 1118 3050 ed
1134 3008 1190 3052 eas
1208 2988 1353 3054 retinen·

294 3091 354 3158 das
369 3091 456 3157 bona
471 3089 537 3156 fide
552 3088 695 3175 juvab03
718 3109 802 3173 quas
818 3095 933 3153 autem
955 3088 1107 3153 nondum
1128 3093 1350 3177 recuperavit,

294 3196 505 3282 adjutorem
528 3191 572 3258 ad
592 3191 860 3278 recuperandum
882 3200 918 3258 et
939 3201 1212 3278 recuperatarum
1234 3217 1352 3263 secun-

294 3300 375 3365 dum
394 3320 491 3385 posse
510 3318 623 3362 meum
645 3318 701 3361 ero
723 3296 795 3361 sine
818 3295 937 3362 fraude
960 3296 1127 3375 defensor,
1143 3306 1179 3364 et
1194 3321 1352 3385 quecum-

294 3426 360 3490 que
377 3403 418 3467 ad
436 3423 555 3467 manus
567 3421 658 3465 meas
671 3399 863 3477 devenient,
875 3400 946 3465 sine
959 3399 1159 3467 difficultate
1171 3404 1349 3469 restituere

293 3506 486 3594 procurabo.
529 3504 587 3568 Ad
601 3504 660 3568 has
675 3504 821 3589 pertinet
835 3509 909 3567 tota
923 3511 1012 3569 terra
1027 3525 1093 3589 que
1110 3512 1162 3570 est
1176 3527 1196 3570 a
1211 3506 1351 3573 Radice-

293 3611 373 3676 fano
385 3631 493 3696 usque
507 3608 729 3693 Ceperanum,
741 3605 943 3671 exarchatus
959 3608 1129 3686 Ravenne,
1142 3608 1350 3696 Pentapolis,

293 3714 442 3780 marchia
454 3713 679 3788 Anconitcna,
693 3709 835 3775 ducatus
850 3708 1063 3795 Spoletanus,
1075 3718 1166 3777 terre
1180 3715 1350 3781 comitisse

338 3867 348 3903 ¹
361 3868 497 3929 compare
509 3866 576 3918 cath
587 3865 621 3917 ct
632 3863 784 3916 Frederlck
795 3866 827 3914 to
839 3862 982 3915 Honorius
993 3864 1045 3915 III.
1060 3864 1090 3917 ln
1102 3867 1174 3919 1219.
1207 3866 1246 3919 Μ.
1258 3866 1291 3923 G.
1303 3868 1348 3933 IL,

293 3953 348 4004 LL.
359 3952 397 4002 ΙΙ.
412 3952 470 4001 232.
