3292 4809
481 631 621 683 emron
642 631 689 683 on
710 630 786 682 nnn
807 630 932 683 ssxor
953 631 1158 685 nimnnons.
1297 617 1339 689 27

282 822 351 867 non
367 807 403 868 et
417 800 633 887 pensionibus
652 808 755 887 etque
771 801 936 880 censibus,
952 802 1000 867 ita
1022 809 1063 867 ut
1084 823 1195 888 neque
1216 824 1279 870 nos
1301 826 1341 872 ea

282 905 407 973 facturi
432 907 538 972 simus
566 926 676 991 neque
704 905 913 991 quibuslibet
941 927 982 972 ea
1009 905 1120 973 facere
1146 908 1339 975 volentibus

283 1012 543 1089 consenciamus,
560 1010 621 1076 sed
634 1010 748 1096 potius
765 1011 878 1076 omnia
900 1031 966 1096 que
988 1011 1143 1096 superius
1165 1011 1338 1099 leguntur,

282 1116 319 1183 id
334 1123 387 1183 est
401 1115 568 1202 provintie
585 1114 739 1179 civitates
755 1114 854 1180 urbes
870 1113 994 1200 oppida
1012 1114 1151 1181 castella
1172 1116 1340 1181 territoria

282 1228 319 1288 et
332 1220 535 1308 patrimonia
552 1226 655 1305 atque
679 1218 807 1284 insulas
830 1239 1018 1305 censusque
1042 1225 1078 1285 et
1097 1219 1274 1305 pensiones
1296 1218 1340 1285 ad

282 1332 413 1411 purtem
428 1325 567 1391 ecclesie
582 1323 672 1389 beati
688 1322 784 1388 Patri
799 1324 943 1410 apostoli
961 1331 1064 1409 atque
1082 1324 1281 1410 pontificum
1302 1324 1338 1388 in

282 1430 504 1495 sacratissima
517 1428 596 1495 sede
611 1429 705 1495 illius
721 1427 941 1494 residentium
955 1449 1017 1493 nos
1031 1428 1069 1492 in
1084 1434 1252 1514 quantum
1269 1448 1342 1513 pos·

282 1555 399 1600 sumus
417 1532 609 1600 defensores
631 1554 703 1599 esse
726 1540 900 1611 testamur,
916 1531 959 1597 ad
980 1531 1044 1597 hcc
1066 1538 1108 1598 ut
1129 1553 1168 1598 ea
1190 1532 1226 1596 in
1247 1532 1340 1597 illius

283 1640 413 1705 ditione
439 1638 482 1704 ad
508 1638 675 1704 utendum
703 1644 739 1704 et
761 1636 945 1703 fruendum
967 1644 1070 1723 atque
1094 1635 1340 1724 disponendum

282 1742 423 1808 firmiter
446 1741 582 1808 valeant
606 1742 759 1827 optineri.
806 1740 909 1807 Salva
932 1741 969 1806 in
993 1742 1149 1807 omnibus
1172 1748 1340 1828 potestate

282 1854 457 1913 nostrast
481 1845 544 1910 filii
566 1846 673 1912 nostri
698 1853 978 1932 posterorumque
1001 1854 1203 1925 nostrorum,
1226 1867 1342 1913 secun·

283 1950 366 2015 dum
391 1949 482 2036 quod
512 1950 549 2014 in
577 1956 677 2036 pacto
707 1958 743 2016 et
773 1951 1016 2017 constitutione
1046 1972 1085 2018 ac
1114 1951 1341 2038 promissionis

283 2054 442 2149 firmitate
466 2054 613 2141 Eugenii
636 2055 804 2140 pontificis
827 2076 1126 2141 successorumque
1148 2056 1242 2121 illius
1266 2075 1342 2120 con·

283 2159 422 2237 tinctur,
434 2158 471 2225 id
486 2166 589 2226 estut
600 2160 708 2227 omnis
724 2161 833 2226 clerus
849 2167 886 2227 et
899 2160 1051 2226 universi
1065 2160 1182 2247 populi
1198 2159 1341 2225 Romani

283 2263 439 2330 nobilitas
451 2270 588 2350 propter
600 2262 749 2330 diversas
761 2265 978 2331 necessitates
993 2271 1030 2331 et
1043 2262 1242 2351 pontificum
1256 2264 1342 2331 inra-

282 2368 426 2433 tionales
442 2388 523 2455 erga
537 2368 703 2454 populum
717 2368 781 2434 sibi
798 2367 990 2453 subjectum
1012 2368 1208 2454 asperitates
1229 2374 1343 2434 retun-

283 2470 410 2538 dendas
421 2480 629 2539 sacramento
640 2492 676 2538 se
689 2471 826 2558 obliget,
840 2472 1000 2557 quatinus
1012 2470 1130 2536 futura
1144 2470 1342 2557 pontificum

283 2575 404 2643 electio
412 2583 576 2661 quantum
585 2576 852 2662 uniuscujusque
864 2575 1059 2641 intellectus
1070 2575 1174 2641 fuerit
1182 2576 1340 2642 canonice

283 2688 319 2746 et
332 2681 422 2767 juste
438 2679 508 2758 fiat,
524 2686 616 2748 etut
630 2680 688 2746 ille
706 2681 764 2765 qui
783 2678 828 2745 ad
845 2678 909 2745 hoc
924 2686 1080 2745 sanctum
1094 2686 1198 2765 atque
1213 2687 1343 2765 aposto-

283 2784 389 2850 licum
399 2784 551 2871 regimen
568 2784 717 2871 eligitur,
732 2784 867 2849 nemine
883 2784 1112 2849 consentiente
1127 2790 1341 2849 consecratus

283 2887 344 2953 fiat
365 2887 531 2975 pontifex,
557 2888 753 2973 priusquam
777 2888 881 2954 talem
904 2888 941 2951 in
966 2888 1133 2974 presentia
1163 2888 1342 2953 missorum

283 2997 475 3057 nostrorum
487 2992 543 3058 vel
558 2991 621 3056 filii
636 2991 744 3057 nostri
758 3012 819 3057 seu
830 2991 986 3057 universe
998 2991 1226 3079 generalitatis
1237 2990 1342 3058 faciat

283 3095 538 3181 promissionem
566 3116 628 3182 pro
657 3096 808 3160 omnium
837 3094 1066 3161 satisfactione
1096 3102 1198 3180 atque
1225 3094 1341 3161 futura

284 3200 547 3277 conservatione,
565 3199 700 3284 qualem
721 3198 865 3264 domnus
889 3206 925 3264 et
946 3197 1158 3265 venerandus
1180 3199 1341 3285 spiritalis

282 3310 507 3389 paternoster
530 3302 600 3369 Leo
623 3310 743 3389 sponte
765 3301 885 3367 fecisse
909 3301 1106 3368 dinoscitur.
1162 3301 1344 3368 Praeterea

283 3407 351 3472 alia
365 3408 494 3472 minora
508 3405 588 3472 huic
605 3407 698 3492 operi
713 3405 889 3472 inserenda
900 3406 1117 3492 previdimus,
1129 3405 1290 3472 videlicet
1301 3414 1341 3471 ut

282 3511 319 3575 in
334 3511 499 3577 electione
515 3511 714 3596 pontificum
729 3532 841 3596 neque
860 3509 945 3575 liber
960 3532 1070 3595 neque
1085 3519 1202 3577 servus
1218 3512 1262 3575 ad
1278 3513 1340 3578 hoc

283 3615 398 3681 venire
425 3621 608 3701 presumat,
633 3621 673 3679 ut
698 3614 767 3679 illis
792 3614 952 3680 Romanis
979 3635 1064 3699 quos
1087 3612 1131 3678 ad
1154 3613 1239 3678 hanc
1258 3613 1342 3678 elec·

282 3718 412 3786 tionem
435 3741 495 3806 per
521 3719 796 3784 constitutionem
821 3724 1016 3783 sanctorum
1039 3723 1176 3803 patrum
1200 3716 1341 3802 antiqua

282 3822 419 3890 admisit
428 3821 646 3899 consuetudo,
656 3820 794 3907 aliquod
802 3820 906 3887 faciat
913 3821 1202 3907 impedimentum,
1210 3820 1303 3906 quod
1311 3821 1341 3886 si

283 3928 361 4015 quis
373 3934 490 3995 contra
504 3926 591 3992 hanc
603 3932 753 3991 nostram
767 3926 1017 3991 institutionem
1032 3926 1080 3991 ire
1090 3926 1340 4011 presumpserit,

283 4031 386 4098 exilio
401 4030 564 4099 tradatur.
609 4029 754 4117 Insuper
767 4030 870 4097 etiam
884 4037 925 4095 ut
943 4027 1060 4095 nullus
1076 4030 1254 4096 missorum
1268 4050 1342 4096 nos·
