3292 4809
308 604 350 671 38
528 621 664 672 snnncr
686 617 894 671 unnnnvsn
918 617 1145 669 nocunnnrs

354 789 457 871 Quod
485 790 620 855 nullum
650 789 839 876 capitulum
867 788 1052 874 nullusque
1077 787 1163 855 liber
1185 790 1365 857 canonicus

307 894 471 961 habeatur
492 893 618 980 absque
641 893 734 959 illius
756 894 968 959 auctoritate.

353 997 454 1079 Quod
468 998 638 1064 sententia
652 997 746 1063 illius
761 1018 782 1062 a
795 997 892 1063 nullo
908 996 1030 1064 debeat
1044 998 1232 1077 retractari,
1243 1005 1280 1065 et
1293 999 1365 1086 ipsc

308 1102 459 1168 omnium
473 1102 565 1168 solus
581 1108 759 1169 retractare
775 1101 892 1187 possit.

265 1265 269 1272 .
353 1205 455 1287 Quod
468 1228 489 1272 a
503 1206 636 1272 nemine
651 1205 723 1290 ipse
737 1204 881 1291 judicari
896 1202 1027 1271 debeat

353 1308 456 1390 Quod
477 1311 593 1377 nullus
615 1309 741 1376 audeat
762 1309 985 1376 condemnare
1008 1310 1226 1396 apostolicam
1251 1310 1366 1379 sedem

308 1414 521 1502 apellantcm.

354 1517 456 1599 Quod
476 1519 618 1606 majores
640 1539 760 1585 causae
783 1517 1028 1605 cujuscumque
1051 1518 1211 1586 ecclesias
1227 1519 1272 1586 ad
1290 1541 1365 1586 cam

309 1622 427 1691 referri
442 1622 597 1689 debeant.

354 1725 457 1807 Quod
472 1726 623 1793 Romana
638 1726 779 1793 ecclesia
792 1747 980 1812 numquam
1003 1727 1129 1794 erravit
1149 1748 1213 1795 nac
1235 1727 1273 1793 in
1294 1749 1367 1815 per·

309 1837 461 1919 petuam,
477 1832 642 1917 scriptura
656 1837 813 1909 testante,
829 1831 962 1899 errabit.

355 1934 458 2016 Quod
473 1935 644 2002 Romanus
659 1933 827 2020 pontifex,
842 1936 871 2001 si
888 1937 1046 2002 canonice
1061 1934 1167 2001 fuerit
1181 1936 1366 2015 ordinatus,

311 2040 440 2106 meritis
456 2039 545 2105 beati
557 2039 653 2105 Petri
664 2038 896 2105 indubitanter
907 2038 1051 2107 efficitur
1060 2047 1208 2119 sanctus,
1220 2048 1367 2108 testante

311 2149 429 2209 sancto
445 2142 602 2208 Ennodio
615 2142 773 2229 Pupiensi
785 2143 951 2229 episcopo,
962 2143 993 2209 ei
1005 2144 1122 2208 multis
1133 2144 1258 2210 sanctis
1269 2144 1369 2230 patri·

311 2247 374 2314 bus
398 2246 602 2326 faventibus,
626 2247 715 2313 sicut
738 2247 775 2312 in
799 2246 942 2313 decretis
967 2246 1056 2312 beati
1080 2246 1238 2334 Symachi
1261 2268 1367 2334 papae

312 2352 515 2418 continetur.

357 2455 461 2538 Quod
472 2459 566 2524 illius
581 2458 760 2541 praecepto
776 2457 811 2517 et
825 2451 964 2517 licentia
978 2450 1141 2538 subjectis
1154 2450 1257 2515 liceat
1271 2468 1369 2513 accu-

311 2581 394 2627 sare.

358 2662 460 2744 Quod
496 2661 622 2747 absque
659 2658 814 2747 synodali
845 2664 1032 2725 conventer
1060 2660 1169 2745 possit
1196 2660 1370 2746 episcopos

313 2766 482 2854 deponere
498 2772 534 2832 at
548 2764 772 2832 reconciliare.

359 2869 461 2952 Quod
490 2869 676 2936 catholicus
706 2888 774 2933 ncn
803 2866 979 2945 habeatur,
1006 2867 1066 2952 qui
1095 2887 1165 2932 non
1188 2864 1372 2933 concordat

315 2976 484 3042 Romanae
502 2973 672 3040 ccclesiae.

362 3078 464 3160 Quod
487 3100 508 3144 a
532 3077 696 3143 fidelitate
720 3075 915 3161 iniquorum
937 3073 1106 3161 subiectos
1130 3080 1244 3161 potest
1268 3074 1373 3141 absol-

315 3203 405 3251 ἿΘΥΘ.

781 3286 921 3317 -οοο-

543 3451 618 3515 THE
645 3449 767 3514 SYNOD
795 3449 846 3511 Ar
872 3448 1004 3512 words
1034 3449 1145 3517 (1076).

394 3615 437 3702 a)
465 3612 532 3682 rte
554 3611 668 3682 bauer
691 3609 798 3695 oftbe
821 3608 966 3701 Biabopa
987 3619 1018 3675 to
1047 3608 1196 3697 Grepory
1225 3608 1304 3679 VH.

678 3774 1025 3841 mammnuffl

365 3921 548 4013 sigifridus
566 3921 786 4011 Mogontinus
802 3919 1082 4006 archiepiscopus,
1099 3918 1178 3985 Udo
1194 3920 1377 3984 Treveren·

319 4028 376 4109 sis,
410 4027 649 4097 Willehclmus
679 4024 916 4112 Trajectensis,
946 4022 1172 4090 Herimannus
1202 4021 1378 4100 Matcnsis,
