<?xml version="1.0" encoding="UTF-8"?>
<!DOCTYPE html PUBLIC "-//W3C//DTD XHTML 1.0 Transitional//EN"
    "http://www.w3.org/TR/xhtml1/DTD/xhtml1-transitional.dtd">
<html xmlns="http://www.w3.org/1999/xhtml" xml:lang="en" lang="en">
 <head>
  <title>
</title>
<meta http-equiv="Content-Type" content="text/html;charset=utf-8" />
  <meta name='ocr-system' content='tesseract 3.04.00' />
  <meta name='ocr-capabilities' content='ocr_page ocr_carea ocr_par ocr_line ocrx_word'/>
</head>
<body>
  <div class='ocr_page' id='page_1' title='image "./selectmediaeval01mathgoog_0032.png"; bbox 0 0 3292 4809; ppageno 0'>
   <div class='ocr_carea' id='block_1_1' title="bbox 299 603 1138 671">
    <p class='ocr_par' dir='ltr' id='par_1_1' title="bbox 299 603 1138 671">
     <span class='ocr_line' id='line_1_1' title="bbox 299 603 1138 671; baseline -0.001 -1"><span class='ocrx_word' id='word_1_1' title='bbox 299 603 341 670; x_wconf 77' lang='lat'>26</span> <span class='ocrx_word' id='word_1_2' title='bbox 517 618 652 669; x_wconf 81' lang='lat' dir='ltr'>smncr</span> <span class='ocrx_word' id='word_1_3' title='bbox 673 617 882 669; x_wconf 72' lang='lat' dir='ltr'>umorum</span> <span class='ocrx_word' id='word_1_4' title='bbox 906 619 1138 671; x_wconf 80' lang='lat' dir='ltr'>uocuunsrs.</span> 
     </span>
    </p>
   </div>
   <div class='ocr_carea' id='block_1_2' title="bbox 292 788 1381 3876">
    <p class='ocr_par' dir='ltr' id='par_1_2' title="bbox 292 788 1381 3876">
     <span class='ocr_line' id='line_1_2' title="bbox 298 788 1360 877; baseline -0.001 -20"><span class='ocrx_word' id='word_1_5' title='bbox 298 788 447 857; x_wconf 87' lang='lat' dir='ltr'>remedio</span> <span class='ocrx_word' id='word_1_6' title='bbox 467 789 578 854; x_wconf 91' lang='lat' dir='ltr'>anime</span> <span class='ocrx_word' id='word_1_7' title='bbox 600 795 712 854; x_wconf 89' lang='lat' dir='ltr'>nostre</span> <span class='ocrx_word' id='word_1_8' title='bbox 728 795 763 854; x_wconf 90' lang='lat' dir='ltr'>et</span> <span class='ocrx_word' id='word_1_9' title='bbox 784 788 846 853; x_wconf 90' lang='lat' dir='ltr'>filii</span> <span class='ocrx_word' id='word_1_10' title='bbox 868 789 975 855; x_wconf 86' lang='lat' dir='ltr'>nostri</span> <span class='ocrx_word' id='word_1_11' title='bbox 996 789 1068 856; x_wconf 84' lang='lat' dir='ltr'>sive</span> <span class='ocrx_word' id='word_1_12' title='bbox 1090 795 1269 877; x_wconf 89' lang='lat' dir='ltr'>parentum</span> <span class='ocrx_word' id='word_1_13' title='bbox 1282 810 1360 856; x_wconf 88' lang='lat' dir='ltr'>nos·</span> 
     </span>
     <span class='ocr_line' id='line_1_3' title="bbox 297 893 1358 979; baseline 0.001 -20"><span class='ocrx_word' id='word_1_14' title='bbox 297 900 427 959; x_wconf 88' lang='lat' dir='ltr'>trorum</span> <span class='ocrx_word' id='word_1_15' title='bbox 448 912 488 958; x_wconf 90' lang='lat' dir='ltr'>ac</span> <span class='ocrx_word' id='word_1_16' title='bbox 511 913 742 958; x_wconf 90' lang='lat' dir='ltr'>successorum</span> <span class='ocrx_word' id='word_1_17' title='bbox 764 899 956 958; x_wconf 91' lang='lat' dir='ltr'>nostrorum</span> <span class='ocrx_word' id='word_1_18' title='bbox 978 900 1013 959; x_wconf 90' lang='lat' dir='ltr'>et</span> <span class='ocrx_word' id='word_1_19' title='bbox 1034 915 1096 979; x_wconf 92' lang='lat' dir='ltr'>pro</span> <span class='ocrx_word' id='word_1_20' title='bbox 1116 901 1240 960; x_wconf 89' lang='lat' dir='ltr'>cuncto</span> <span class='ocrx_word' id='word_1_21' title='bbox 1256 893 1358 960; x_wconf 90' lang='lat' dir='ltr'>adeo</span> 
     </span>
     <span class='ocr_line' id='line_1_4' title="bbox 297 995 1359 1085; baseline -0.001 -21"><span class='ocrx_word' id='word_1_22' title='bbox 297 1003 495 1064; x_wconf 81' lang='lat' dir='ltr'>conservato</span> <span class='ocrx_word' id='word_1_23' title='bbox 522 1003 625 1082; x_wconf 90' lang='lat' dir='ltr'>atque</span> <span class='ocrx_word' id='word_1_24' title='bbox 652 995 881 1062; x_wconf 89' lang='lat' dir='ltr'>conservando</span> <span class='ocrx_word' id='word_1_25' title='bbox 909 997 1113 1063; x_wconf 84' lang='lat' dir='ltr'>Francorum</span> <span class='ocrx_word' id='word_1_26' title='bbox 1136 998 1261 1083; x_wconf 93' lang='lat' dir='ltr'>populo</span> <span class='ocrx_word' id='word_1_27' title='bbox 1287 999 1359 1085; x_wconf 88' lang='lat' dir='ltr'>jam</span> 
     </span>
     <span class='ocr_line' id='line_1_5' title="bbox 297 1099 1359 1187; baseline 0.002 -20"><span class='ocrx_word' id='word_1_28' title='bbox 297 1100 386 1167; x_wconf 84' lang='lat' dir='ltr'>dicte</span> <span class='ocrx_word' id='word_1_29' title='bbox 402 1101 542 1166; x_wconf 89' lang='lat' dir='ltr'>ecclesie</span> <span class='ocrx_word' id='word_1_30' title='bbox 566 1107 624 1166; x_wconf 91' lang='lat' dir='ltr'>tue</span> <span class='ocrx_word' id='word_1_31' title='bbox 645 1099 741 1165; x_wconf 84' lang='lat' dir='ltr'>beate</span> <span class='ocrx_word' id='word_1_32' title='bbox 765 1099 867 1166; x_wconf 92' lang='lat' dir='ltr'>Petre</span> <span class='ocrx_word' id='word_1_33' title='bbox 882 1102 1033 1187; x_wconf 87' lang='lat' dir='ltr'>apostole</span> <span class='ocrx_word' id='word_1_34' title='bbox 1049 1108 1084 1167; x_wconf 90' lang='lat' dir='ltr'>et</span> <span class='ocrx_word' id='word_1_35' title='bbox 1105 1110 1214 1187; x_wconf 87' lang='lat' dir='ltr'>perte</span> <span class='ocrx_word' id='word_1_36' title='bbox 1230 1103 1359 1170; x_wconf 82' lang='lat' dir='ltr'>vicario</span> 
     </span>
     <span class='ocr_line' id='line_1_6' title="bbox 297 1204 1358 1293; baseline 0.001 -21"><span class='ocrx_word' id='word_1_37' title='bbox 297 1213 357 1272; x_wconf 90' lang='lat' dir='ltr'>tuo</span> <span class='ocrx_word' id='word_1_38' title='bbox 369 1204 513 1291; x_wconf 88' lang='lat' dir='ltr'>spiritali</span> <span class='ocrx_word' id='word_1_39' title='bbox 527 1204 616 1291; x_wconf 91' lang='lat' dir='ltr'>patri</span> <span class='ocrx_word' id='word_1_40' title='bbox 630 1212 747 1270; x_wconf 86' lang='lat' dir='ltr'>nostro</span> <span class='ocrx_word' id='word_1_41' title='bbox 759 1204 883 1271; x_wconf 92' lang='lat' dir='ltr'>domno</span> <span class='ocrx_word' id='word_1_42' title='bbox 899 1206 921 1270; x_wconf 88' lang='lat' dir='ltr'>J</span> <span class='ocrx_word' id='word_1_43' title='bbox 922 1206 1046 1272; x_wconf 89' lang='lat' dir='ltr'>obanni</span> <span class='ocrx_word' id='word_1_44' title='bbox 1056 1227 1188 1272; x_wconf 89' lang='lat' dir='ltr'>summo</span> <span class='ocrx_word' id='word_1_45' title='bbox 1203 1206 1358 1293; x_wconf 88' lang='lat' dir='ltr'>pontifici</span> 
     </span>
     <span class='ocr_line' id='line_1_7' title="bbox 297 1309 1358 1396; baseline 0.001 -20"><span class='ocrx_word' id='word_1_46' title='bbox 297 1317 333 1376; x_wconf 85' lang='lat' dir='ltr'>et</span> <span class='ocrx_word' id='word_1_47' title='bbox 348 1309 531 1375; x_wconf 85' lang='lat' dir='ltr'>universali</span> <span class='ocrx_word' id='word_1_48' title='bbox 553 1330 639 1396; x_wconf 91' lang='lat' dir='ltr'>pape</span> <span class='ocrx_word' id='word_1_49' title='bbox 655 1310 796 1396; x_wconf 85' lang='lat' dir='ltr'>ejusque</span> <span class='ocrx_word' id='word_1_50' title='bbox 811 1310 1058 1376; x_wconf 89' lang='lat' dir='ltr'>successoribus</span> <span class='ocrx_word' id='word_1_51' title='bbox 1074 1332 1182 1396; x_wconf 90' lang='lat' dir='ltr'>usque</span> <span class='ocrx_word' id='word_1_52' title='bbox 1202 1312 1239 1375; x_wconf 93' lang='lat' dir='ltr'>in</span> <span class='ocrx_word' id='word_1_53' title='bbox 1254 1311 1358 1377; x_wconf 91' lang='lat' dir='ltr'>finem</span> 
     </span>
     <span class='ocr_line' id='line_1_8' title="bbox 295 1412 1357 1502; baseline 0.003 -22"><span class='ocrx_word' id='word_1_54' title='bbox 295 1414 401 1480; x_wconf 90' lang='lat' dir='ltr'>seculi</span> <span class='ocrx_word' id='word_1_55' title='bbox 423 1435 463 1479; x_wconf 92' lang='lat' dir='ltr'>eo</span> <span class='ocrx_word' id='word_1_56' title='bbox 487 1412 586 1479; x_wconf 92' lang='lat' dir='ltr'>modo</span> <span class='ocrx_word' id='word_1_57' title='bbox 613 1414 847 1480; x_wconf 91' lang='lat' dir='ltr'>confirmamus</span> <span class='ocrx_word' id='word_1_58' title='bbox 871 1422 911 1480; x_wconf 91' lang='lat' dir='ltr'>ut</span> <span class='ocrx_word' id='word_1_59' title='bbox 934 1416 970 1479; x_wconf 92' lang='lat' dir='ltr'>in</span> <span class='ocrx_word' id='word_1_60' title='bbox 993 1435 1056 1480; x_wconf 89' lang='lat' dir='ltr'>suo</span> <span class='ocrx_word' id='word_1_61' title='bbox 1079 1414 1256 1481; x_wconf 80' lang='lat' dir='ltr'>detineant</span> <span class='ocrx_word' id='word_1_62' title='bbox 1279 1416 1357 1502; x_wconf 82' lang='lat' dir='ltr'>jure</span> 
     </span>
     <span class='ocr_line' id='line_1_9' title="bbox 296 1516 1356 1605; baseline 0.004 -23"><span class='ocrx_word' id='word_1_63' title='bbox 296 1518 488 1605; x_wconf 91' lang='lat' dir='ltr'>principatu</span> <span class='ocrx_word' id='word_1_64' title='bbox 510 1524 613 1603; x_wconf 90' lang='lat' dir='ltr'>atque</span> <span class='ocrx_word' id='word_1_65' title='bbox 636 1516 778 1583; x_wconf 90' lang='lat' dir='ltr'>dicione.</span> <span class='ocrx_word' id='word_1_66' title='bbox 824 1516 934 1583; x_wconf 90' lang='lat' dir='ltr'>Simili</span> <span class='ocrx_word' id='word_1_67' title='bbox 956 1517 1056 1583; x_wconf 93' lang='lat' dir='ltr'>modo</span> <span class='ocrx_word' id='word_1_68' title='bbox 1078 1540 1137 1604; x_wconf 92' lang='lat' dir='ltr'>per</span> <span class='ocrx_word' id='word_1_69' title='bbox 1160 1519 1223 1585; x_wconf 94' lang='lat' dir='ltr'>hoc</span> <span class='ocrx_word' id='word_1_70' title='bbox 1237 1526 1356 1587; x_wconf 90' lang='lat' dir='ltr'>nostre</span> 
     </span>
     <span class='ocr_line' id='line_1_10' title="bbox 296 1621 1356 1710; baseline 0.004 -24"><span class='ocrx_word' id='word_1_71' title='bbox 296 1621 521 1710; x_wconf 80' lang='lat' dir='ltr'>delegationis</span> <span class='ocrx_word' id='word_1_72' title='bbox 546 1627 685 1707; x_wconf 91' lang='lat' dir='ltr'>pactum</span> <span class='ocrx_word' id='word_1_73' title='bbox 708 1621 943 1688; x_wconf 86' lang='lat' dir='ltr'>confirmamus</span> <span class='ocrx_word' id='word_1_74' title='bbox 970 1621 1167 1687; x_wconf 81' lang='lat' dir='ltr'>donationes</span> <span class='ocrx_word' id='word_1_75' title='bbox 1193 1643 1276 1708; x_wconf 88' lang='lat' dir='ltr'>quas</span> <span class='ocrx_word' id='word_1_76' title='bbox 1299 1623 1356 1710; x_wconf 89' lang='lat' dir='ltr'>pie</span> 
     </span>
     <span class='ocr_line' id='line_1_11' title="bbox 296 1724 1356 1812; baseline 0.001 -20"><span class='ocrx_word' id='word_1_77' title='bbox 296 1724 538 1792; x_wconf 86' lang='lat' dir='ltr'>recordationis</span> <span class='ocrx_word' id='word_1_78' title='bbox 562 1724 706 1791; x_wconf 90' lang='lat' dir='ltr'>domnus</span> <span class='ocrx_word' id='word_1_79' title='bbox 733 1725 898 1812; x_wconf 90' lang='lat' dir='ltr'>Pippinus</span> <span class='ocrx_word' id='word_1_80' title='bbox 922 1747 982 1791; x_wconf 84' lang='lat' dir='ltr'>rex</span> <span class='ocrx_word' id='word_1_81' title='bbox 1009 1733 1044 1791; x_wconf 90' lang='lat' dir='ltr'>et</span> <span class='ocrx_word' id='word_1_82' title='bbox 1069 1733 1187 1811; x_wconf 89' lang='lat' dir='ltr'>postea</span> <span class='ocrx_word' id='word_1_83' title='bbox 1210 1725 1356 1793; x_wconf 88' lang='lat' dir='ltr'>domnus</span> 
     </span>
     <span class='ocr_line' id='line_1_12' title="bbox 296 1828 1356 1916; baseline 0.001 -21"><span class='ocrx_word' id='word_1_84' title='bbox 296 1829 421 1896; x_wconf 88' lang='lat' dir='ltr'>Karlus</span> <span class='ocrx_word' id='word_1_85' title='bbox 437 1829 740 1896; x_wconf 89' lang='lat' dir='ltr'>excellentissimus</span> <span class='ocrx_word' id='word_1_86' title='bbox 756 1830 938 1916; x_wconf 89' lang='lat' dir='ltr'>imperator</span> <span class='ocrx_word' id='word_1_87' title='bbox 959 1829 1058 1896; x_wconf 91' lang='lat' dir='ltr'>beato</span> <span class='ocrx_word' id='word_1_88' title='bbox 1081 1828 1185 1895; x_wconf 93' lang='lat' dir='ltr'>Petro</span> <span class='ocrx_word' id='word_1_89' title='bbox 1202 1830 1356 1916; x_wconf 89' lang='lat' dir='ltr'>apostolo</span> 
     </span>
     <span class='ocr_line' id='line_1_13' title="bbox 294 1933 1356 2021; baseline -0.001 -21"><span class='ocrx_word' id='word_1_90' title='bbox 294 1942 481 2021; x_wconf 86' lang='lat' dir='ltr'>spontanea</span> <span class='ocrx_word' id='word_1_91' title='bbox 507 1933 684 1999; x_wconf 87' lang='lat' dir='ltr'>voluntate</span> <span class='ocrx_word' id='word_1_92' title='bbox 711 1934 943 2011; x_wconf 86' lang='lat' dir='ltr'>contulerunt,</span> <span class='ocrx_word' id='word_1_93' title='bbox 968 1954 1031 1999; x_wconf 91' lang='lat' dir='ltr'>uec</span> <span class='ocrx_word' id='word_1_94' title='bbox 1057 1953 1124 1997; x_wconf 91' lang='lat' dir='ltr'>non</span> <span class='ocrx_word' id='word_1_95' title='bbox 1152 1940 1188 1998; x_wconf 91' lang='lat' dir='ltr'>et</span> <span class='ocrx_word' id='word_1_96' title='bbox 1214 1955 1356 1999; x_wconf 89' lang='lat' dir='ltr'>censum</span> 
     </span>
     <span class='ocr_line' id='line_1_14' title="bbox 295 2034 1355 2124; baseline -0.002 -20"><span class='ocrx_word' id='word_1_97' title='bbox 295 2038 351 2105; x_wconf 86' lang='lat' dir='ltr'>vel</span> <span class='ocrx_word' id='word_1_98' title='bbox 381 2038 576 2124; x_wconf 81' lang='lat' dir='ltr'>pensionem</span> <span class='ocrx_word' id='word_1_99' title='bbox 600 2059 662 2103; x_wconf 89' lang='lat' dir='ltr'>seu</span> <span class='ocrx_word' id='word_1_100' title='bbox 688 2043 816 2103; x_wconf 82' lang='lat' dir='ltr'>ceteras</span> <span class='ocrx_word' id='word_1_101' title='bbox 843 2034 995 2102; x_wconf 85' lang='lat' dir='ltr'>dationes</span> <span class='ocrx_word' id='word_1_102' title='bbox 1022 2058 1088 2122; x_wconf 93' lang='lat' dir='ltr'>que</span> <span class='ocrx_word' id='word_1_103' title='bbox 1114 2038 1291 2102; x_wconf 86' lang='lat' dir='ltr'>annuatim</span> <span class='ocrx_word' id='word_1_104' title='bbox 1316 2039 1355 2103; x_wconf 92' lang='lat' dir='ltr'>in</span> 
     </span>
     <span class='ocr_line' id='line_1_15' title="bbox 294 2139 1355 2230; baseline 0.002 -24"><span class='ocrx_word' id='word_1_105' title='bbox 294 2143 463 2230; x_wconf 77' lang='lat' dir='ltr'>palacium</span> <span class='ocrx_word' id='word_1_106' title='bbox 478 2142 566 2229; x_wconf 87' lang='lat' dir='ltr'>regis</span> <span class='ocrx_word' id='word_1_107' title='bbox 590 2139 892 2227; x_wconf 88' lang='lat' dir='ltr'>Longobardorum</span> <span class='ocrx_word' id='word_1_108' title='bbox 914 2139 1032 2206; x_wconf 82' lang='lat' dir='ltr'>inferri</span> <span class='ocrx_word' id='word_1_109' title='bbox 1054 2139 1207 2205; x_wconf 88' lang='lat' dir='ltr'>solebant</span> <span class='ocrx_word' id='word_1_110' title='bbox 1223 2141 1295 2207; x_wconf 87' lang='lat' dir='ltr'>sive</span> <span class='ocrx_word' id='word_1_111' title='bbox 1311 2140 1355 2208; x_wconf 88' lang='lat' dir='ltr'>de</span> 
     </span>
     <span class='ocr_line' id='line_1_16' title="bbox 296 2242 1355 2331; baseline -0.001 -20"><span class='ocrx_word' id='word_1_112' title='bbox 296 2244 421 2313; x_wconf 86' lang='lat' dir='ltr'>Tuscia</span> <span class='ocrx_word' id='word_1_113' title='bbox 435 2246 507 2310; x_wconf 86' lang='lat' dir='ltr'>sive</span> <span class='ocrx_word' id='word_1_114' title='bbox 530 2244 572 2310; x_wconf 92' lang='lat' dir='ltr'>de</span> <span class='ocrx_word' id='word_1_115' title='bbox 595 2243 723 2309; x_wconf 91' lang='lat' dir='ltr'>ducatu</span> <span class='ocrx_word' id='word_1_116' title='bbox 745 2242 939 2329; x_wconf 87' lang='lat' dir='ltr'>Spoletano,</span> <span class='ocrx_word' id='word_1_117' title='bbox 955 2245 1046 2308; x_wconf 86' lang='lat' dir='ltr'>sicut</span> <span class='ocrx_word' id='word_1_118' title='bbox 1066 2243 1103 2307; x_wconf 94' lang='lat' dir='ltr'>in</span> <span class='ocrx_word' id='word_1_119' title='bbox 1118 2244 1355 2331; x_wconf 86' lang='lat' dir='ltr'>suprascriptis</span> 
     </span>
     <span class='ocr_line' id='line_1_17' title="bbox 295 2346 1381 2416; baseline -0.006 -1"><span class='ocrx_word' id='word_1_120' title='bbox 295 2348 532 2416; x_wconf 89' lang='lat' dir='ltr'>donationibus</span> <span class='ocrx_word' id='word_1_121' title='bbox 555 2347 749 2413; x_wconf 88' lang='lat' dir='ltr'>continetur</span> <span class='ocrx_word' id='word_1_122' title='bbox 772 2354 808 2412; x_wconf 92' lang='lat' dir='ltr'>et</span> <span class='ocrx_word' id='word_1_123' title='bbox 829 2346 918 2411; x_wconf 87' lang='lat' dir='ltr'>inter</span> <span class='ocrx_word' id='word_1_124' title='bbox 939 2354 1052 2412; x_wconf 89' lang='lat' dir='ltr'>sancte</span> <span class='ocrx_word' id='word_1_125' title='bbox 1075 2347 1233 2413; x_wconf 90' lang='lat' dir='ltr'>memorie</span> <span class='ocrx_word' id='word_1_126' title='bbox 1254 2346 1356 2413; x_wconf 90' lang='lat' dir='ltr'>Adri·</span> <span class='ocrx_word' id='word_1_127' title='bbox 1379 2404 1381 2408; x_wconf 87' lang='lat'>.</span> 
     </span>
     <span class='ocr_line' id='line_1_18' title="bbox 294 2449 1354 2540; baseline -0.003 -22"><span class='ocrx_word' id='word_1_128' title='bbox 294 2474 396 2518; x_wconf 88' lang='lat' dir='ltr'>anum</span> <span class='ocrx_word' id='word_1_129' title='bbox 410 2473 531 2540; x_wconf 91' lang='lat' dir='ltr'>papam</span> <span class='ocrx_word' id='word_1_130' title='bbox 548 2458 584 2517; x_wconf 94' lang='lat' dir='ltr'>et</span> <span class='ocrx_word' id='word_1_131' title='bbox 599 2450 759 2514; x_wconf 91' lang='lat' dir='ltr'>domnum</span> <span class='ocrx_word' id='word_1_132' title='bbox 776 2449 918 2513; x_wconf 90' lang='lat' dir='ltr'>Karlum</span> <span class='ocrx_word' id='word_1_133' title='bbox 933 2451 1167 2536; x_wconf 88' lang='lat' dir='ltr'>imperatorem</span> <span class='ocrx_word' id='word_1_134' title='bbox 1183 2453 1354 2530; x_wconf 89' lang='lat' dir='ltr'>convenit,</span> 
     </span>
     <span class='ocr_line' id='line_1_19' title="bbox 295 2551 1355 2641; baseline 0 -21"><span class='ocrx_word' id='word_1_135' title='bbox 295 2554 431 2641; x_wconf 90' lang='lat' dir='ltr'>quando</span> <span class='ocrx_word' id='word_1_136' title='bbox 445 2554 535 2620; x_wconf 93' lang='lat' dir='ltr'>idem</span> <span class='ocrx_word' id='word_1_137' title='bbox 550 2551 704 2639; x_wconf 84' lang='lat' dir='ltr'>pontifex</span> <span class='ocrx_word' id='word_1_138' title='bbox 721 2551 831 2618; x_wconf 91' lang='lat' dir='ltr'>eidem</span> <span class='ocrx_word' id='word_1_139' title='bbox 847 2551 889 2618; x_wconf 91' lang='lat' dir='ltr'>de</span> <span class='ocrx_word' id='word_1_140' title='bbox 904 2553 1139 2639; x_wconf 87' lang='lat' dir='ltr'>suprascriptis</span> <span class='ocrx_word' id='word_1_141' title='bbox 1163 2552 1355 2633; x_wconf 91' lang='lat' dir='ltr'>ducatibus,</span> 
     </span>
     <span class='ocr_line' id='line_1_20' title="bbox 293 2653 1355 2743; baseline 0 -20"><span class='ocrx_word' id='word_1_142' title='bbox 293 2657 398 2725; x_wconf 87' lang='lat' dir='ltr'>idest</span> <span class='ocrx_word' id='word_1_143' title='bbox 420 2658 577 2724; x_wconf 86' lang='lat' dir='ltr'>Tuscono</span> <span class='ocrx_word' id='word_1_144' title='bbox 593 2664 629 2721; x_wconf 87' lang='lat' dir='ltr'>et</span> <span class='ocrx_word' id='word_1_145' title='bbox 651 2653 838 2741; x_wconf 89' lang='lat' dir='ltr'>Spolitano,</span> <span class='ocrx_word' id='word_1_146' title='bbox 853 2676 914 2721; x_wconf 91' lang='lat' dir='ltr'>sue</span> <span class='ocrx_word' id='word_1_147' title='bbox 930 2656 1140 2721; x_wconf 87' lang='lat' dir='ltr'>auctoritatis</span> <span class='ocrx_word' id='word_1_148' title='bbox 1154 2664 1355 2743; x_wconf 90' lang='lat' dir='ltr'>preceptum</span> 
     </span>
     <span class='ocr_line' id='line_1_21' title="bbox 294 2758 1356 2846; baseline -0.001 -17"><span class='ocrx_word' id='word_1_149' title='bbox 294 2761 515 2840; x_wconf 84' lang='lat' dir='ltr'>confirmavit,</span> <span class='ocrx_word' id='word_1_150' title='bbox 530 2782 571 2827; x_wconf 95' lang='lat' dir='ltr'>eo</span> <span class='ocrx_word' id='word_1_151' title='bbox 586 2759 717 2825; x_wconf 89' lang='lat' dir='ltr'>scilicet</span> <span class='ocrx_word' id='word_1_152' title='bbox 731 2758 831 2824; x_wconf 91' lang='lat' dir='ltr'>modo</span> <span class='ocrx_word' id='word_1_153' title='bbox 846 2765 887 2823; x_wconf 92' lang='lat' dir='ltr'>ut</span> <span class='ocrx_word' id='word_1_154' title='bbox 906 2760 1002 2824; x_wconf 89' lang='lat' dir='ltr'>annis</span> <span class='ocrx_word' id='word_1_155' title='bbox 1018 2760 1162 2846; x_wconf 83' lang='lat' dir='ltr'>singulis</span> <span class='ocrx_word' id='word_1_156' title='bbox 1180 2760 1356 2845; x_wconf 91' lang='lat' dir='ltr'>predictus</span> 
     </span>
     <span class='ocr_line' id='line_1_22' title="bbox 295 2860 1357 2952; baseline -0.002 -19"><span class='ocrx_word' id='word_1_157' title='bbox 295 2887 414 2933; x_wconf 89' lang='lat' dir='ltr'>census</span> <span class='ocrx_word' id='word_1_158' title='bbox 440 2864 485 2929; x_wconf 89' lang='lat' dir='ltr'>ad</span> <span class='ocrx_word' id='word_1_159' title='bbox 510 2871 639 2952; x_wconf 88' lang='lat' dir='ltr'>partem</span> <span class='ocrx_word' id='word_1_160' title='bbox 666 2863 805 2928; x_wconf 90' lang='lat' dir='ltr'>ecclesie</span> <span class='ocrx_word' id='word_1_161' title='bbox 831 2861 922 2927; x_wconf 88' lang='lat' dir='ltr'>beati</span> <span class='ocrx_word' id='word_1_162' title='bbox 948 2860 1043 2928; x_wconf 91' lang='lat' dir='ltr'>Petri</span> <span class='ocrx_word' id='word_1_163' title='bbox 1066 2864 1209 2948; x_wconf 90' lang='lat' dir='ltr'>apostoli</span> <span class='ocrx_word' id='word_1_164' title='bbox 1230 2866 1357 2950; x_wconf 87' lang='lat' dir='ltr'>persol-</span> 
     </span>
     <span class='ocr_line' id='line_1_23' title="bbox 294 2964 1355 3054; baseline -0.003 -17"><span class='ocrx_word' id='word_1_165' title='bbox 294 2976 404 3048; x_wconf 84' lang='lat' dir='ltr'>vatur,</span> <span class='ocrx_word' id='word_1_166' title='bbox 427 2969 521 3035; x_wconf 86' lang='lat' dir='ltr'>salva</span> <span class='ocrx_word' id='word_1_167' title='bbox 542 2989 644 3054; x_wconf 89' lang='lat' dir='ltr'>super</span> <span class='ocrx_word' id='word_1_168' title='bbox 667 2965 802 3032; x_wconf 91' lang='lat' dir='ltr'>eosdem</span> <span class='ocrx_word' id='word_1_169' title='bbox 825 2964 970 3029; x_wconf 90' lang='lat' dir='ltr'>ducatus</span> <span class='ocrx_word' id='word_1_170' title='bbox 992 2971 1107 3030; x_wconf 86' lang='lat' dir='ltr'>nostra</span> <span class='ocrx_word' id='word_1_171' title='bbox 1133 2967 1170 3030; x_wconf 92' lang='lat' dir='ltr'>in</span> <span class='ocrx_word' id='word_1_172' title='bbox 1196 2967 1355 3035; x_wconf 88' lang='lat' dir='ltr'>omnibus</span> 
     </span>
     <span class='ocr_line' id='line_1_24' title="bbox 294 3068 1356 3154; baseline -0.002 -15"><span class='ocrx_word' id='word_1_173' title='bbox 294 3072 522 3139; x_wconf 90' lang='lat' dir='ltr'>dominatione</span> <span class='ocrx_word' id='word_1_174' title='bbox 538 3082 574 3139; x_wconf 90' lang='lat' dir='ltr'>et</span> <span class='ocrx_word' id='word_1_175' title='bbox 587 3071 724 3136; x_wconf 89' lang='lat' dir='ltr'>illorum</span> <span class='ocrx_word' id='word_1_176' title='bbox 739 3069 784 3134; x_wconf 92' lang='lat' dir='ltr'>ad</span> <span class='ocrx_word' id='word_1_177' title='bbox 798 3075 946 3134; x_wconf 89' lang='lat' dir='ltr'>nostram</span> <span class='ocrx_word' id='word_1_178' title='bbox 961 3074 1091 3154; x_wconf 88' lang='lat' dir='ltr'>partem</span> <span class='ocrx_word' id='word_1_179' title='bbox 1110 3074 1145 3133; x_wconf 92' lang='lat' dir='ltr'>et</span> <span class='ocrx_word' id='word_1_180' title='bbox 1162 3068 1224 3133; x_wconf 92' lang='lat' dir='ltr'>filii</span> <span class='ocrx_word' id='word_1_181' title='bbox 1246 3073 1356 3137; x_wconf 89' lang='lat' dir='ltr'>nostri</span> 
     </span>
     <span class='ocr_line' id='line_1_25' title="bbox 293 3169 1354 3264; baseline -0.003 -19"><span class='ocrx_word' id='word_1_182' title='bbox 293 3177 511 3264; x_wconf 88' lang='lat' dir='ltr'>subjectione.</span> <span class='ocrx_word' id='word_1_183' title='bbox 572 3174 734 3242; x_wconf 83' lang='lat' dir='ltr'>Ceterum</span> <span class='ocrx_word' id='word_1_184' title='bbox 762 3173 854 3238; x_wconf 89' lang='lat' dir='ltr'>sicut</span> <span class='ocrx_word' id='word_1_185' title='bbox 883 3169 1031 3237; x_wconf 84' lang='lat' dir='ltr'>diximus</span> <span class='ocrx_word' id='word_1_186' title='bbox 1061 3172 1174 3236; x_wconf 88' lang='lat' dir='ltr'>omnia</span> <span class='ocrx_word' id='word_1_187' title='bbox 1198 3175 1354 3259; x_wconf 90' lang='lat' dir='ltr'>superius</span> 
     </span>
     <span class='ocr_line' id='line_1_26' title="bbox 293 3274 1357 3362; baseline -0.004 -15"><span class='ocrx_word' id='word_1_188' title='bbox 293 3281 467 3347; x_wconf 86' lang='lat' dir='ltr'>nominata</span> <span class='ocrx_word' id='word_1_189' title='bbox 484 3281 532 3346; x_wconf 90' lang='lat' dir='ltr'>ita</span> <span class='ocrx_word' id='word_1_190' title='bbox 550 3278 594 3345; x_wconf 88' lang='lat' dir='ltr'>ad</span> <span class='ocrx_word' id='word_1_191' title='bbox 609 3284 758 3344; x_wconf 87' lang='lat' dir='ltr'>vestram</span> <span class='ocrx_word' id='word_1_192' title='bbox 780 3282 910 3362; x_wconf 82' lang='lat' dir='ltr'>partem</span> <span class='ocrx_word' id='word_1_193' title='bbox 932 3296 992 3360; x_wconf 91' lang='lat' dir='ltr'>per</span> <span class='ocrx_word' id='word_1_194' title='bbox 1014 3274 1076 3339; x_wconf 94' lang='lat' dir='ltr'>boc</span> <span class='ocrx_word' id='word_1_195' title='bbox 1100 3282 1214 3340; x_wconf 90' lang='lat' dir='ltr'>nostre</span> <span class='ocrx_word' id='word_1_196' title='bbox 1237 3277 1357 3343; x_wconf 91' lang='lat' dir='ltr'>confir·</span> 
     </span>
     <span class='ocr_line' id='line_1_27' title="bbox 293 3378 1357 3469; baseline -0.004 -18"><span class='ocrx_word' id='word_1_197' title='bbox 293 3384 450 3451; x_wconf 82' lang='lat' dir='ltr'>metionis</span> <span class='ocrx_word' id='word_1_198' title='bbox 474 3390 612 3469; x_wconf 89' lang='lat' dir='ltr'>pactum</span> <span class='ocrx_word' id='word_1_199' title='bbox 636 3380 840 3455; x_wconf 86' lang='lat' dir='ltr'>roboramus,</span> <span class='ocrx_word' id='word_1_200' title='bbox 866 3384 907 3442; x_wconf 90' lang='lat' dir='ltr'>ut</span> <span class='ocrx_word' id='word_1_201' title='bbox 932 3378 968 3441; x_wconf 91' lang='lat' dir='ltr'>in</span> <span class='ocrx_word' id='word_1_202' title='bbox 993 3384 1104 3442; x_wconf 83' lang='lat' dir='ltr'>vestro</span> <span class='ocrx_word' id='word_1_203' title='bbox 1134 3388 1357 3464; x_wconf 86' lang='lat' dir='ltr'>permaneant-</span> 
     </span>
     <span class='ocr_line' id='line_1_28' title="bbox 292 3480 1355 3576; baseline -0.007 -21"><span class='ocrx_word' id='word_1_204' title='bbox 292 3489 366 3576; x_wconf 77' lang='lat' dir='ltr'>juru</span> <span class='ocrx_word' id='word_1_205' title='bbox 389 3488 581 3575; x_wconf 88' lang='lat' dir='ltr'>principatu</span> <span class='ocrx_word' id='word_1_206' title='bbox 605 3491 709 3569; x_wconf 90' lang='lat' dir='ltr'>atque</span> <span class='ocrx_word' id='word_1_207' title='bbox 734 3482 862 3547; x_wconf 92' lang='lat' dir='ltr'>ditione</span> <span class='ocrx_word' id='word_1_208' title='bbox 887 3487 922 3545; x_wconf 85' lang='lat' dir='ltr'>et</span> <span class='ocrx_word' id='word_1_209' title='bbox 945 3501 1055 3565; x_wconf 92' lang='lat' dir='ltr'>neque</span> <span class='ocrx_word' id='word_1_210' title='bbox 1079 3501 1099 3544; x_wconf 89' lang='lat' dir='ltr'>a</span> <span class='ocrx_word' id='word_1_211' title='bbox 1122 3480 1217 3545; x_wconf 89' lang='lat' dir='ltr'>nobis</span> <span class='ocrx_word' id='word_1_212' title='bbox 1240 3503 1355 3569; x_wconf 90' lang='lat' dir='ltr'>neque</span> 
     </span>
     <span class='ocr_line' id='line_1_29' title="bbox 293 3582 1355 3671; baseline -0.006 -11"><span class='ocrx_word' id='word_1_213' title='bbox 293 3614 314 3659; x_wconf 86' lang='lat' dir='ltr'>a</span> <span class='ocrx_word' id='word_1_214' title='bbox 334 3590 582 3659; x_wconf 84' lang='lat' dir='ltr'>suecessoribus</span> <span class='ocrx_word' id='word_1_215' title='bbox 605 3586 729 3653; x_wconf 91' lang='lat' dir='ltr'>nostris</span> <span class='ocrx_word' id='word_1_216' title='bbox 751 3606 812 3671; x_wconf 93' lang='lat' dir='ltr'>per</span> <span class='ocrx_word' id='word_1_217' title='bbox 831 3582 1007 3669; x_wconf 83' lang='lat' dir='ltr'>quodlibet</span> <span class='ocrx_word' id='word_1_218' title='bbox 1028 3590 1266 3669; x_wconf 85' lang='lat' dir='ltr'>argumentum</span> <span class='ocrx_word' id='word_1_219' title='bbox 1281 3588 1355 3654; x_wconf 85' lang='lat' dir='ltr'>sive</span> 
     </span>
     <span class='ocr_line' id='line_1_30' title="bbox 293 3690 1357 3777; baseline -0.008 -14"><span class='ocrx_word' id='word_1_220' title='bbox 293 3697 575 3763; x_wconf 88' lang='lat' dir='ltr'>machinationem</span> <span class='ocrx_word' id='word_1_221' title='bbox 594 3695 631 3757; x_wconf 90' lang='lat' dir='ltr'>in</span> <span class='ocrx_word' id='word_1_222' title='bbox 647 3708 862 3777; x_wconf 91' lang='lat' dir='ltr'>quacumque</span> <span class='ocrx_word' id='word_1_223' title='bbox 881 3692 975 3772; x_wconf 88' lang='lat' dir='ltr'>parte</span> <span class='ocrx_word' id='word_1_224' title='bbox 991 3693 1102 3751; x_wconf 88' lang='lat' dir='ltr'>vestra</span> <span class='ocrx_word' id='word_1_225' title='bbox 1123 3692 1273 3770; x_wconf 82' lang='lat' dir='ltr'>potestas</span> <span class='ocrx_word' id='word_1_226' title='bbox 1295 3690 1357 3754; x_wconf 92' lang='lat' dir='ltr'>im-</span> 
     </span>
     <span class='ocr_line' id='line_1_31' title="bbox 293 3787 1358 3876; baseline -0.009 -9"><span class='ocrx_word' id='word_1_227' title='bbox 293 3802 467 3867; x_wconf 89' lang='lat' dir='ltr'>minuatur</span> <span class='ocrx_word' id='word_1_228' title='bbox 480 3807 542 3865; x_wconf 86' lang='lat' dir='ltr'>aut</span> <span class='ocrx_word' id='word_1_229' title='bbox 557 3820 577 3863; x_wconf 90' lang='lat' dir='ltr'>a</span> <span class='ocrx_word' id='word_1_230' title='bbox 592 3795 686 3863; x_wconf 85' lang='lat' dir='ltr'>vobis</span> <span class='ocrx_word' id='word_1_231' title='bbox 702 3791 782 3857; x_wconf 89' lang='lat' dir='ltr'>inde</span> <span class='ocrx_word' id='word_1_232' title='bbox 797 3787 928 3875; x_wconf 88' lang='lat' dir='ltr'>aliquid</span> <span class='ocrx_word' id='word_1_233' title='bbox 949 3787 1168 3853; x_wconf 89' lang='lat' dir='ltr'>subtrahatur</span> <span class='ocrx_word' id='word_1_234' title='bbox 1183 3787 1225 3854; x_wconf 90' lang='lat' dir='ltr'>de</span> <span class='ocrx_word' id='word_1_235' title='bbox 1241 3811 1358 3876; x_wconf 90' lang='lat' dir='ltr'>supra·</span> 
     </span>
    </p>
   </div>
   <div class='ocr_carea' id='block_1_3' title="bbox 292 3890 1357 4077">
    <p class='ocr_par' dir='ltr' id='par_1_3' title="bbox 292 3890 1357 4077">
     <span class='ocr_line' id='line_1_32' title="bbox 292 3890 1356 3992; baseline -0.014 -20"><span class='ocrx_word' id='word_1_236' title='bbox 292 3905 425 3992; x_wconf 84' lang='lat' dir='ltr'>scriptis</span> <span class='ocrx_word' id='word_1_237' title='bbox 451 3902 613 3971; x_wconf 81' lang='lat' dir='ltr'>videlicet</span> <span class='ocrx_word' id='word_1_238' title='bbox 634 3895 815 3986; x_wconf 85' lang='lat' dir='ltr'>provintiis</span> <span class='ocrx_word' id='word_1_239' title='bbox 838 3890 977 3957; x_wconf 89' lang='lat' dir='ltr'>urbibus</span> <span class='ocrx_word' id='word_1_240' title='bbox 1003 3890 1198 3956; x_wconf 87' lang='lat' dir='ltr'>civitatibus</span> <span class='ocrx_word' id='word_1_241' title='bbox 1221 3894 1356 3979; x_wconf 86' lang='lat' dir='ltr'>oppidis</span> 
     </span>
     <span class='ocr_line' id='line_1_33' title="bbox 292 3994 1357 4077; baseline -0.015 1"><span class='ocrx_word' id='word_1_242' title='bbox 292 4009 411 4077; x_wconf 85' lang='lat' dir='ltr'>castris</span> <span class='ocrx_word' id='word_1_243' title='bbox 433 4007 555 4076; x_wconf 82' lang='lat' dir='ltr'>viculis</span> <span class='ocrx_word' id='word_1_244' title='bbox 577 4003 698 4071; x_wconf 91' lang='lat' dir='ltr'>insulis</span> <span class='ocrx_word' id='word_1_245' title='bbox 722 3995 903 4065; x_wconf 89' lang='lat' dir='ltr'>territoriis</span> <span class='ocrx_word' id='word_1_246' title='bbox 925 3999 1028 4076; x_wconf 87' lang='lat' dir='ltr'>atque</span> <span class='ocrx_word' id='word_1_247' title='bbox 1053 3994 1266 4077; x_wconf 86' lang='lat' dir='ltr'>patrimoniis</span> <span class='ocrx_word' id='word_1_248' title='bbox 1290 4016 1357 4063; x_wconf 92' lang='lat' dir='ltr'>nec</span> 
     </span>
    </p>
   </div>
   <div class='ocr_carea' id='block_1_4' title="bbox 0 0 1650 4809">
    <p class='ocr_par' dir='ltr' id='par_1_4' title="bbox 0 0 1650 4809">
     <span class='ocr_line' id='line_1_34' title="bbox 0 0 1650 4809; baseline 0 2"><span class='ocrx_word' id='word_1_249' title='bbox 0 0 1650 4809; x_wconf 95' lang='lat' dir='ltr'> </span> 
     </span>
    </p>
   </div>
  </div>
 </body>
</html>
