3292 4809
278 664 281 673 .
404 622 541 671 rumor>
564 623 611 671 on
633 623 707 670 run
729 620 973 671 nasuoorrms
994 620 1201 670 mucoris.
1285 605 1329 670 69

274 794 338 859 Dei
354 792 528 859 ecclesiam
554 792 621 877 jam
646 812 749 877 super
773 790 837 855 hoc
863 789 1093 877 promulgasse
1114 790 1328 869 sententiam,

274 898 416 963 Petrum
440 895 561 961 Leonis
577 916 615 959 ao
632 894 811 979 complices
834 914 913 959 suos
936 893 1108 959 damnasse
1132 901 1327 972 asserentes,

274 1000 366 1086 quod
392 1006 465 1065 erat
488 998 718 1064 universitatis
744 1018 813 1062 non
840 997 960 1064 debere
986 998 1159 1083 privatum
1183 996 1256 1064 fieri
1281 1019 1330 1063 re·

263 1104 489 1190 ,sponderent

317 1208 387 1273 Nos
414 1214 528 1273 autem
554 1207 702 1293 idipsum
728 1227 808 1271 cum
833 1206 995 1292 patientia
1020 1213 1268 1292 supportantes,
1292 1213 1329 1273 et

267 1319 403 1398 patrem
429 1319 582 1377 nostrum
609 1332 731 1397 papam
759 1310 999 1376 Innocentium
1025 1310 1069 1375 ad
1095 1309 1221 1376 Urbem
1252 1332 1329 1376 cum

272 1417 380 1504 gloria
403 1416 573 1494 duximus,
599 1422 635 1481 et
661 1415 878 1480 Lateranensi
906 1413 1085 1480 cathedrae
1109 1415 1328 1493 restituimus,

273 1528 376 1605 atque
394 1521 430 1585 in
446 1527 560 1586 monte
581 1517 756 1584 Aventino
778 1520 1007 1584 castrametati
1024 1516 1163 1583 fuimus.
1208 1519 1328 1604 Ibique

274 1624 397 1689 Petrus
419 1624 542 1690 Leonis
565 1627 661 1689 aures
687 1630 829 1700 nostras,
852 1630 888 1687 et
908 1624 1100 1708 principum
1128 1630 1328 1702 nostrorum,

215 1743 218 1748 “
273 1750 334 1813 per
359 1730 496 1793 Petrum
518 1727 600 1792 olim
626 1726 851 1793 Portuensem
872 1728 1077 1812 episcopum,
1100 1734 1137 1792 et
1161 1748 1222 1812 per
1245 1728 1329 1793 alios
1452 1768 1456 1775 -

273 1831 423 1897 fautores
452 1852 532 1897 suos
561 1830 812 1917 praetendendo
842 1830 1018 1917 justitiam,
1048 1831 1230 1897 sollicitare
1259 1852 1329 1896 non

274 1935 415 2001 destitit.
462 1935 531 2015 Qui
561 1936 672 2013 etiarn,
703 1936 911 2001 munitiones
941 1942 978 2000 et
1006 1934 1137 2000 obsides
1166 1956 1203 2000 se
1231 1934 1329 2000 nobis

273 2040 411 2106 daturos
432 2039 477 2105 ad
498 2038 735 2105 sufficientiam
757 2059 818 2125 pro
840 2038 1007 2106 servando
1033 2038 1169 2125 judicio,
1193 2044 1229 2105 et
1249 2040 1329 2106 viva

273 2166 356 2210 voce
378 2151 415 2210 et
435 2143 558 2210 litteris
580 2136 817 2230 premiserunt.
874 2141 998 2209 Pacem
1019 2143 1127 2230 igitur
1147 2143 1221 2209 sine
1246 2141 1329 2209 effu·

272 2248 365 2314 sione
395 2249 568 2336 sanguinis
597 2247 779 2315 reformare
809 2248 847 2312 in
877 2246 943 2313 Dei
972 2248 1114 2314 eeclesia
1143 2248 1328 2333 cupientes,

273 2374 360 2438 quae
375 2352 472 2418 nobis
494 2352 547 2416 illi
569 2351 734 2430 dixerant,
750 2351 910 2418 fratribus
924 2351 985 2438 qui
1000 2373 1078 2418 cum
1097 2351 1220 2417 domno
1242 2373 1329 2437 papa

273 2456 473 2522 Innocentio
489 2464 586 2522 erant
600 2478 661 2542 per
675 2478 735 2522 nos
750 2458 840 2543 ipsos
855 2456 1129 2543 significavimus.
1147 2454 1328 2521 Caeterum

273 2561 348 2646 ipsi,
363 2567 484 2645 utpote
506 2562 597 2646 pacis
612 2568 787 2638 amatores,
804 2560 847 2627 de
869 2561 1003 2646 justitia
1025 2560 1243 2638 confidentes,
1258 2567 1329 2625 tarn

273 2685 430 2750 personas
445 2685 534 2742 suas,
551 2686 653 2749 quarn
668 2664 801 2741 Leonis,
817 2672 853 2730 et
867 2664 1013 2729 filiorum
1031 2685 1180 2742 suorum,
1195 2685 1328 2729 necnon

274 2767 398 2846 Centii,
414 2768 509 2834 Petri
532 2768 738 2854 Fraiapanis,
754 2775 790 2834 et
808 2768 903 2833 Petri
925 2768 1059 2846 Leonis,
1075 2776 1110 2834 et
1124 2769 1329 2834 munitiones

272 2873 309 2937 in
331 2893 434 2938 mann
456 2879 571 2939 nostra
592 2872 695 2938 libere
717 2872 927 2938 obtulerunt.
972 2872 1128 2939 Adversa
1149 2895 1229 2940 vero
1251 2894 1328 2959 pars

273 2976 345 3041 dies
375 2977 536 3042 redimere
567 2976 715 3062 cupiens,
746 2977 810 3043 sub
839 2978 1005 3043 velamine
1035 2976 1328 3044 fraudulentarum

272 3081 530 3167 promissionum
551 3101 613 3146 nos
637 3081 810 3167 aliquanto
836 3088 986 3168 tempore
1011 3103 1031 3147 a
1055 3089 1169 3147 nostra
1192 3083 1330 3147 intenti-

272 3207 336 3251 one
359 3186 511 3252 retraxit.
557 3185 708 3251 Tandem
732 3186 812 3272 quia
834 3186 900 3272 ipsi
921 3208 1019 3272 saepe
1042 3187 1246 3264 commoniti,
1270 3187 1330 3251 im·

272 3291 363 3376 plere
379 3290 473 3376 quod
487 3291 709 3376 promiserant
727 3290 922 3369 noluerunt,
938 3299 1111 3377 tamquam
1132 3290 1271 3357 fallaces
1293 3297 1329 3357 et

271 3395 402 3480 perfidi,
417 3401 539 3461 ettam
554 3394 688 3461 divinae
707 3416 809 3481 quam
832 3395 945 3482 regiae
967 3395 1151 3482 majestatis
1173 3395 1233 3473 rei,
1250 3416 1328 3461 cum

273 3498 375 3564 Petro
405 3499 526 3565 Leonis
557 3500 698 3585 eiusque
729 3499 948 3586 complicibus
986 3499 1135 3565 damnati
1171 3506 1262 3576 sunt,
1293 3506 1329 3565 et

272 3602 385 3669 hostes
414 3625 435 3669 a
464 3604 669 3690 principibus
698 3611 834 3670 nostrae
861 3605 972 3670 curiae
994 3604 1145 3690 judicati,
1168 3602 1329 3669 videlicet

272 3705 455 3774 Nortberto
475 3707 761 3794 Magdeburgensi
784 3709 983 3774 cancellario
998 3716 1123 3786 nostro,
1140 3714 1174 3774 et
1189 3707 1232 3771 A.
1250 3708 1329 3773 Bre-

272 3812 378 3877 mensi
400 3811 656 3898 archiepiscopis
676 3818 711 3877 et
725 3812 768 3876 D.
786 3811 1055 3899 Osembergensi‚
1071 3812 1111 3875 B.
1128 3810 1329 3877 Padelbron·

272 3916 378 3992 nensi,
390 3915 459 3980 An.
476 3914 806 4003 Brandenburgensi,
817 3923 854 3982 et
866 3916 906 3980 B.
922 3915 1161 3993 Parmensi,'R.
1174 3913 1327 3992 Albensi,

273 4016 316 4083 Ο.
345 4018 495 4099 Astensi,
528 4018 569 4084 Ο.
601 4019 828 4098 Cremonensi,
860 4018 903 4085 G.
933 4019 1121 4105 Yporiensi,
1152 4019 1327 4105 episcopis,
