3292 4809
536 610 612 660 run
634 610 937 661 nonnusrnurnu
958 611 1106 661 rnmoo.
1287 593 1351 661 133

295 800 370 847 mus
385 780 561 860 universis,
578 781 672 870 quod
686 804 748 849 nos
763 803 823 869 pro
839 781 993 848 omnibus
1008 802 1069 868 pro
1085 778 1208 868 quibus
1223 802 1354 848 excom·

295 883 457 951 municati
479 906 607 964 sumus,
629 888 729 951 tactis
751 886 971 951 sacrosanctis
994 885 1180 974 evangeliis
1202 885 1352 973 juramus

295 1008 406 1053 coram
422 989 529 1067 vobis,
546 988 691 1055 dominis
707 988 729 1054 J
731 989 863 1063 ohanne
879 988 1065 1055 venerabili
1083 989 1239 1073 episcopo
1260 987 1353 1055 Sabi-

295 1091 390 1157 nensi
402 1096 437 1158 et
449 1090 579 1157 Thema
590 1091 685 1158 tituli
696 1098 810 1157 sancte
824 1090 946 1157 Sabine
960 1090 1144 1158 venerabili
1154 1092 1352 1181 presbytero

294 1194 458 1261 cardinali
478 1196 661 1281 apostolice
685 1194 774 1262 sedis
797 1196 917 1283 legatis
932 1196 1007 1263 vice
1021 1197 1283 1263 reverentissimi
1297 1220 1353 1285 pa·

294 1299 356 1366 tris
371 1298 499 1365 domini
516 1298 558 1364 G.
574 1299 640 1366 Dei
655 1301 765 1389 gretia
779 1300 903 1366 summi
918 1300 1087 1387 pontificis
1102 1302 1351 1389 recipientibus,

294 1410 384 1471 stare
402 1404 530 1490 precise
548 1403 716 1471 mandatis
732 1404 871 1472 ecclesie
887 1410 923 1471 et
940 1406 1012 1471 sine
1029 1406 1144 1492 aliqua
1158 1406 1351 1475 conditione

294 1507 482 1574 secundum
503 1507 647 1574 formam
670 1508 820 1575 ecclesie.
865 1508 918 1576 Ne
936 1509 1044 1597 igitur
1065 1510 1101 1575 id
1123 1517 1301 1577 revocetur
1314 1511 1351 1576 in
1382 1541 1386 1547 ·

295 1610 445 1689 dubium,
467 1633 604 1698 presens
627 1612 790 1698 scriptum
816 1612 889 1678 fieri
914 1618 950 1679 et
972 1613 1067 1680 bulla
1090 1635 1193 1680 eurea
1217 1615 1352 1702 typario

295 1721 409 1781 nostre
424 1715 607 1802 majestatis
622 1716 784 1803 impressa
798 1716 958 1803 jussimus
974 1718 1184 1783 communiri.

339 1819 429 1884 Data
446 1819 538 1906 opud
559 1827 716 1887 sanctum
740 1819 949 1887 Germanum
963 1843 1053 1887 anno
1068 1821 1233 1890 dominice
1247 1822 1354 1891 incar·

295 1922 444 1991 nationis
458 1922 556 1989 1230.
571 1923 626 1992 die
641 1924 765 1992 mensis
781 1925 804 1991 J
804 1925 868 1991 ulii
882 1925 983 1993 tertie
997 1925 1202 1994 indictionis.

803 2180 851 2247 Π.

342 2343 474 2433 [sulp]
507 2343 700 2412 Fridericus
720 2346 786 2412 Dei
800 2347 911 2435 gratia
928 2346 1157 2414 Romanorum
1171 2346 1353 2435 imperator

293 2469 425 2535 semper
440 2457 605 2538 augustus
621 2450 810 2517 Jerusalem
829 2458 865 2517 et
887 2450 1001 2519 Sicilie
1019 2474 1090 2518 rex.
1134 2451 1202 2518 Per
1215 2474 1352 2539 presens

294 2553 458 2639 scriptum
473 2559 594 2618 notum
609 2552 751 2619 facimus
767 2555 944 2633 universis,
961 2554 1054 2641 quod
1068 2576 1130 2621 nos
1147 2557 1351 2623 remittimus

295 2678 429 2723 omnem
467 2655 629 2723 offensam
659 2665 694 2724 11
726 2679 849 2744 penam
886 2658 1115 2737 Theotoniois,
1145 2659 1352 2739 Lombardis,

296 2759 426 2839 Tuscis,
451 2767 488 2827 et
512 2760 704 2827 hominibus
728 2763 825 2849 regni
850 2763 1063 2850 generaliter,
1086 2770 1122 2829 et
1148 2762 1290 2830 Gallicis
1307 2771 1353 2831 et
1443 2829 1446 2836 .

295 2864 451 2932 omnibus
466 2865 551 2944 aliis,
568 2866 628 2952 qui
644 2867 785 2933 ecclesie
801 2873 921 2932 contra
935 2887 996 2932 nos
1011 2866 1225 2946 adheserunt,
1240 2876 1276 2934 11
1292 2890 1353 2955 per

296 2968 515 3035 Thomasium
533 2970 690 3036 comitem
710 2969 916 3037 Acerrarum
939 2970 1102 3036 dilectum
1124 2970 1258 3037 fidelem
1280 2993 1354 3039 nos·

295 3079 387 3139 trum
412 3072 555 3140 facimus
583 3073 619 3137 in
645 3074 758 3140 anima
783 3080 899 3140 nostra
924 3073 1038 3160 jurari,
1065 3074 1158 3160 quod
1182 3074 1351 3161 predictos
1470 3124 1473 3131 -

295 3177 392 3243 nullo
413 3184 563 3263 tempore
583 3175 802 3256 offendemus,
818 3178 874 3243 vel
895 3176 1059 3244 iaciemus
1077 3176 1214 3257 offendi,
1230 3201 1291 3265 pro
1311 3202 1352 3248 eo

295 3281 388 3368 quod
412 3281 561 3348 Romane
579 3282 719 3348 ecclesie
736 3288 854 3348 contra
871 3303 934 3348 nos
956 3290 1031 3348 orta
1053 3282 1218 3348 discordia
1240 3284 1354 3351 astite-

294 3392 386 3463 runt,
401 3393 437 3452 et
459 3384 553 3472 quod
574 3406 691 3471 pacem
709 3386 849 3452 ecclesie
868 3393 904 3452 et
922 3386 970 3453 eis
986 3386 1245 3453 observabimus.
1290 3387 1353 3455 Re·

294 3490 461 3557 mittimus
483 3489 587 3558 etiam
608 3490 804 3569 sententias,
829 3491 1099 3569 constitutiones,
1120 3498 1156 3556 et
1181 3490 1301 3569 banna,
1321 3492 1352 3559 si

266 3661 268 3664 ,
295 3584 364 3681 que
385 3616 447 3681 per
465 3615 526 3660 nos
541 3594 598 3661 vel
612 3616 673 3680 per
689 3594 772 3660 alios
788 3595 859 3660 late
877 3595 934 3662 vel
957 3594 1047 3662 edita
1068 3601 1160 3673 sunt,
1176 3596 1351 3662 occasione
1445 3644 1451 3657 .

295 3696 396 3785 hujus
411 3698 503 3764 modi
518 3705 634 3765 eontra
649 3720 716 3765 eos.
762 3697 998 3765 Promittimus
1013 3698 1126 3777 etiam,
1138 3697 1231 3785 quod
1245 3706 1351 3766 terras

295 3802 434 3869 ecclesie
445 3802 482 3867 in
494 3804 633 3869 Ducatu
644 3803 700 3869 vel
716 3802 871 3869 Marchia
881 3825 942 3869 seu
953 3803 1020 3869 alio
1035 3803 1236 3888 patrimonio
1248 3804 1352 3869 ecele-

295 3905 343 3973 sie
367 3927 435 3973 non
460 3904 658 3974 invademus
680 3928 743 3974 nec
771 3906 1021 3974 devastabimus
1044 3928 1105 3993 per
1126 3928 1187 3973 nos
1209 3907 1266 3973 vel
1290 3929 1352 3993 per

295 4009 388 4077 alios.
433 4008 493 4077 Ad
514 4011 611 4098 cujus
632 4010 682 4078 rei
704 4010 911 4080 evidentiam
933 4032 1070 4100 presens
1091 4011 1256 4098 scriptum
1277 4011 1351 4078 fieri
