3292 4809
296 578 339 647 24
516 593 650 643 sunnon
672 590 880 642 unomvnn
904 592 1135 643 nocuimus.

294 767 432 848 pactum
456 760 718 827 confirmationis
740 767 854 826 nostre
876 759 940 845 tibi
961 760 1060 826 beato
1081 760 1186 827 Petro
1207 760 1357 849 principi

294 866 521 951 apostolorum
538 873 573 931 et
588 866 757 953 clavigero
773 866 870 953 regni
885 865 1035 930 celorum
1049 870 1086 931 et
1099 886 1159 950 per
1174 872 1209 931 te
1224 866 1355 932 vicario

294 978 355 1035 tuo
377 968 500 1035 domno
517 970 540 1034 J
542 969 666 1034 ohanni
681 989 813 1034 summo
828 967 980 1054 pontifici
995 977 1032 1035 ct
1046 968 1230 1035 universali
1245 968 1356 1037 XII-⁰

293 1094 389 1159 pape,
401 1074 490 1138 sicut
502 1094 521 1137 a
533 1071 821 1159 predecessoribus
834 1073 954 1138 vestris
966 1093 1074 1157 usque
1086 1093 1178 1138 nunc
1190 1073 1226 1136 in
1238 1082 1356 1142 vestra

292 1184 460 1265 potestate
488 1183 590 1262 atque
618 1175 750 1243 dicione
777 1177 935 1242 tenuistis
958 1184 994 1242 ct
1016 1170 1247 1262 disposuistis:
1274 1180 1356 1246 civi·

292 1288 398 1348 tatem
430 1282 615 1346 Romanam
642 1302 719 1346 cum
750 1279 877 1345 ducatu
903 1301 965 1346 suo
991 1287 1027 1346 et
1052 1279 1252 1346 suburbanis
1281 1285 1355 1350 suis

293 1392 394 1471 atque
422 1386 543 1450 viculis
572 1383 726 1450 omnibus
753 1392 790 1451 et
815 1385 992 1451 territoriis
1016 1385 1090 1470 ejus
1113 1387 1283 1452 montanis
1314 1408 1355 1455 ac

293 1490 478 1565 maritimis,
496 1488 649 1554 litoribus
668 1510 706 1554 ao
726 1487 900 1574 portubus,
917 1510 978 1554 seu
1001 1489 1134 1554 cunctis
1156 1489 1355 1558 civitatibus

293 1592 441 1658 castellis
457 1591 589 1677 oppidis
613 1593 790 1658 assiculis
814 1592 938 1658 Tuscie
961 1592 1124 1677 partibus,
1139 1591 1175 1657 id
1197 1600 1250 1659 cst
1271 1592 1356 1660 Por·

293 1705 377 1773 tum,
405 1695 665 1773 Centumcellas,
692 1695 821 1774 Cerem,
846 1696 998 1775 Bledam‚
1022 1696 1264 1776 Maturianum,
1290 1696 1354 1764 Su·

293 1801 402 1877 triam,
418 1799 557 1886 Nepam,
576 1800 753 1865 castellum
771 1799 944 1878 Gallisem,
962 1788 1091 1877 Ortem,
1104 1799 1354 1881 Polimartium,
1380 1874 1387 1885 .

294 1904 476 1982 Ameriam,
488 1903 632 1981 Tudam,
643 1903 817 1970 Perusiam
827 1925 903 1969 oum
915 1904 1022 1969 tribus
1031 1904 1151 1969 insulis
1165 1905 1245 1983 suis,
1255 1903 1356 1973 idest
1415 1891 1419 1900 ¹

293 2008 416 2094 majore
444 2016 478 2073 et
504 2009 640 2085 minore,
673 2007 882 2085 Puluensim,
908 2008 1069 2073 Narniam
1095 2015 1131 2073 et
1156 2008 1354 2076 Utriculum

293 2134 371 2179 cum
386 2111 541 2177 omnibus
557 2112 679 2177 finibus
694 2133 733 2177 ac
749 2112 927 2177 territoriis
950 2112 994 2177 ad
1015 2112 1257 2197 suprascriptas
1273 2113 1355 2179 civi·

209 2250 214 2259 ·
293 2223 380 2283 tates
396 2216 653 2302 pertinentibus.
697 2214 770 2281 Nec
793 2237 862 2281 non
885 2203 1104 2282 exarchatum
1126 2218 1355 2286 Ravennatem

292 2321 357 2387 sub
376 2322 571 2408 integritate
596 2342 673 2386 oum
695 2319 835 2386 urbibus
858 2320 1052 2385 civitatibus
1074 2321 1205 2408 oppidis
1228 2330 1263 2389 et
1286 2345 1355 2390 cas·

292 2426 464 2511 tollisque
479 2426 534 2510 pie
549 2424 790 2489 recordationis
806 2423 951 2489 domnus
974 2423 1140 2510 Pippinus
1156 2432 1192 2491 et
1207 2424 1353 2495 domnus

295 2528 419 2594 Karlus
442 2528 716 2593 excellentissimi
738 2529 967 2615 imperatores,
990 2528 1239 2614 predecessores
1261 2531 1355 2598 vide·

293 2633 375 2697 licet
404 2632 520 2709 nostri,
551 2629 649 2696 beato
681 2631 785 2697 Petro
815 2632 968 2717 apostolo
998 2638 1034 2698 et
1062 2632 1354 2718 predecessoribus

293 2735 413 2802 vestris
428 2736 495 2821 jam
511 2733 641 2799 dudum
655 2757 716 2821 per
731 2734 922 2801 donationis
942 2736 1099 2822 paginam
1120 2737 1352 2818 contulerunt,

293 2840 356 2905 hoc
390 2845 441 2905 est
474 2840 647 2905 civitatem
678 2839 876 2904 Ravennam
905 2845 942 2905 et
971 2838 1156 2917 Emeliam3
1195 2840 1353 2921 Bobium,
1417 2833 1419 2838 ’

295 2942 467 3021 Cesenam,
492 2942 744 3028 Forumpopuli‚
769 2942 967 3019 Forumlivi,
994 2943 1203 3022 Faventiam,
1231 2944 1355 3011 Immo-

293 3046 371 3125 lam‚
403 3047 602 3126 Bononiam,
634 3046 830 3125 Ferrariam,
866 3045 1087 3112 Comiiaolum
1103 3115 1105 3118 ,
1124 3054 1160 3114 et
1190 3048 1353 3115 Adrianis
1398 3070 1419 3090 ··

293 3158 395 3237 atque
419 3150 599 3218 Gabellum
623 3173 700 3218 oum
723 3151 878 3217 omnibus
901 3150 1024 3217 finibus
1047 3152 1224 3217 territoriis
1247 3159 1352 3238 atque

292 3256 413 3320 insulis
428 3263 516 3320 terra
532 3257 682 3341 marique
706 3253 750 3319 ad
772 3254 981 3340 supradictas
1005 3256 1161 3322 civitates
1183 3256 1354 3343 pertinen·

293 3358 393 3425 tibus.
439 3358 549 3424 Simul
571 3367 607 3426 et
629 3359 853 3445 Pentapolim,
870 3358 1029 3426 videlicet
1049 3360 1252 3439 Ariminum,
1268 3360 1354 3426 Pen-

292 3484 439 3541 saurum,
470 3463 636 3541 Phanum,
671 3463 909 3551 Senogalliam,
939 3464 1127 3542 Anconam,
1158 3464 1351 3543 Ausimum‚

294 3567 499 3645 Humanam,
524 3568 652 3646 Hesim,
675 3568 985 3655 Forumsimpronii,
1009 3567 1267 3646 Montemieltri,
1290 3568 1354 3635 Ur

293 3670 418 3736 benum
448 3677 484 3737 et
514 3673 721 3738 territorium
759 3673 940 3751 Balnense,
974 3672 1088 3750 Callis,
1125 3672 1276 3737 Luciolis
1317 3680 1353 3738 et

293 3774 500 3860 Eugubium‚
514 3798 590 3841 cum
606 3777 761 3842 omnibus
776 3777 899 3842 finibus
915 3799 952 3842 ao
968 3776 1144 3843 territoriis
1160 3776 1203 3841 ad
1218 3776 1352 3843 easdem

293 3878 448 3945 civitates
476 3881 734 3965 pertinentibus.
780 3880 909 3946 Eodem
924 3880 1023 3946 modo
1038 3881 1247 3947 territorium
1263 3879 1354 3946 Sabi·

290 4003 396 4064 nense
408 3983 499 4049 sicut
509 4004 530 4048 a
541 3983 664 4049 domno
680 3983 785 4049 Karlo
800 3984 1001 4070 imperatore
1016 3990 1224 4050 antecessore
1236 3992 1352 4052 nostro
