3292 4809
311 569 376 637 iss
532 588 667 638 sunnon
688 588 896 638 smnrmvnn
917 590 1145 639 noeuuuurs.

310 754 425 823 fratris
462 754 649 823 Hermanni
678 757 879 825 venerabilis
915 758 1068 847 magistri
1102 757 1221 826 domus
1250 768 1366 827 sancte

177 855 181 863 ’
311 860 418 927 Marie
434 860 722 948 Tbeutonicorum
737 862 774 925 in
791 862 981 929 Jerusalem
997 861 1107 929 tidelis
1124 864 1241 941 nostri,
1257 870 1367 930 castra

309 964 505 1054 subscripta,
533 963 694 1031 videlieet
718 972 866 1032 castrum
894 965 978 1044 Geli,
1005 966 1150 1033 Roccam
1177 967 1365 1046 willielmi,

311 1070 456 1136 Rocoam
471 1067 512 1136 de
529 1068 666 1147 Bantra,
683 1068 829 1136 Roccam
844 1069 1081 1149 Prestentisni‚
1096 1071 1241 1137 Roocam
1256 1072 1366 1138 sancti

309 1173 435 1262 Angeli
451 1171 492 1240 de
517 1174 614 1260 Rupe
636 1175 766 1252 canina,
784 1175 928 1241 Rocoam
950 1174 1078 1241 Montis
1101 1175 1281 1263 Dragonis‚
1298 1197 1366 1241 cas-

308 1284 400 1344 trum
424 1277 532 1355 Atini,
556 1285 592 1344 st
615 1277 751 1343 Petram
776 1278 818 1345 'de
846 1278 968 1345 Tocco.
1014 1278 1090 1359 Qua
1114 1280 1227 1345 omnia
1251 1278 1365 1345 dictus

308 1382 469 1470 magister
482 1381 621 1448 tenebit
643 1383 777 1450 nomine
806 1383 954 1449 Romane
978 1383 1117 1450 ecclesie
1144 1383 1181 1448 in
1207 1383 1364 1468 expensis

307 1485 440 1564 nostris,
458 1486 495 1551 in
519 1486 709 1552 cautionem
730 1486 861 1553 scilicet
882 1494 918 1553 et
938 1487 1164 1565 securitatem,
1187 1486 1281 1573 quod
1302 1508 1364 1552 nos

307 1589 460 1657 dabimus
475 1589 717 1675 fidejussoriam
732 1591 922 1656 cautionem
943 1590 1031 1656 bona
1053 1590 1119 1657 lide
1140 1590 1230 1656 inira
1251 1590 1366 1656 termi-

307 1714 390 1758 num
404 1701 480 1760 0cto
496 1693 663 1759 mensium
676 1693 740 1760 sub
754 1693 814 1759 ills
829 1692 936 1759 forma
951 1715 1017 1779 que
1040 1693 1077 1758 in
1100 1700 1250 1759 tractatu
1270 1693 1362 1780 pacis

307 1798 509 1864 continetur.
556 1796 633 1877 Qua
661 1796 875 1884 fidejussione
905 1798 1056 1884 prestita,
1081 1797 1172 1863 idem
1202 1799 1364 1886 magister

306 1902 491 1990 resignabit
504 1901 599 1967 nobis
614 1900 732 1967 eadem
747 1909 856 1967 castra
870 1903 925 1967 vel
941 1902 996 1967 cui
1018 1923 1081 1967 nos
1102 1902 1362 1987 preceperimus.

306 2004 366 2071 Ad
380 2006 477 2093 cujus
492 2005 541 2072 rei
563 2005 758 2070 memoriam
779 2026 917 2091 presens
938 2005 1102 2091 scriptum
1124 2004 1196 2070 fieri
1217 2003 1363 2070 fecimus

305 2117 342 2175 et
355 2110 469 2198 sigillo
484 2116 600 2175 nostro
615 2108 773 2195 jussimus
789 2108 999 2174 communiri.

349 2213 440 2279 Data
454 2213 491 2277 in
506 2212 623 2278 castris
637 2233 740 2298 prope
753 2210 973 2297 ceperanum,
986 2232 1075 2277 anno
1088 2211 1246 2277 dominici
1257 2211 1364 2278 incar·

252 2316 254 2321 ’
304 2316 452 2383 nationis
467 2316 565 2394 1230,
581 2336 695 2381 mense
711 2314 883 2402 Augusto,
892 2314 998 2381 'tertis
1014 2314 1218 2381 indictionis.

352 2635 481 2725 [Aug]
515 2635 706 2701 Friderious
721 2635 788 2701 Dei
798 2636 916 2723 gratis,
929 2643 992 2702 etc.
1038 2635 1104 2703 Per
1112 2657 1251 2723 presens
1261 2630 1364 2724 scrip

303 2749 378 2807 tum
393 2747 513 2806 notum
523 2739 596 2805 fieri
607 2739 765 2805 volumus
776 2739 943 2805 universis
955 2747 1023 2805 tam
1035 2740 1246 2826 presentibus
1258 2762 1361 2826 quam

302 2844 439 2921 futuris,
455 2842 548 2929 quod
563 2864 623 2908 nos
638 2841 781 2907 fecimus
795 2842 959 2928 assignari
981 2844 1018 2907 in
1039 2843 1192 2928 manibus
1209 2843 1248 2908 L.
1264 2865 1363 2909 vene·

302 2947 418 3014 rabilis
441 2946 565 3034 Regini
588 2945 829 3030 archiepiscopi
852 2944 969 3011 dilecti
994 2945 1169 3012 familiaris
1195 2946 1301 3011 nostri
1326 2954 1362 3013 et

304 3100 312 3118 .
340 3100 348 3116 .
431 3050 555 3137 Regini
584 3048 730 3135 episcopi
760 3056 952 3113 nostrorum
980 3048 1141 3129 fidelium,
1171 3049 1361 3136 subscripta

302 3163 422 3235 castra,
438 3153 598 3221 videlicet
615 3151 745 3231 Suesse,
763 3150 905 3230 Oaiacie,
918 3151 1144 3239 Magdalonis‚
1161 3160 1197 3219 et
1212 3154 1360 3218 Roocsm

301 3282 418 3346 capue,
435 3279 501 3346 que
517 3255 659 3343 predicti
675 3254 791 3320 fideles
807 3255 914 3319 nostri
930 3254 1199 3341 archiepiscopus
1218 3262 1253 3322 et
1275 3258 1361 3342 epis·

302 3386 405 3450 oopus
432 3360 598 3428 tenebunt
622 3359 757 3423 nomine
784 3358 923 3424 ecclesie
953 3358 1103 3424 Romane
1133 3360 1170 3423 in
1200 3361 1360 3446 expensis

300 3469 435 3546 nostris,
451 3467 488 3531 in
510 3464 700 3531 cautionem
721 3461 852 3527 scilicet
873 3470 908 3527 et
929 3462 1156 3540 securitatem,
1178 3483 1359 3549 quousque

300 3574 522 3639 restituantur
537 3568 646 3635 eidem
662 3566 811 3631 Romane
820 3565 966 3641 ,ecclesie
982 3586 1021 3630 ea
1036 3587 1102 3650 que
1118 3587 1179 3631 nos
1202 3574 1358 3634 tenemus

300 3677 336 3742 in
363 3674 515 3741 Marchia
539 3679 574 3738 et
599 3671 747 3746 Ducatu,
770 3674 806 3733 et
832 3668 1063 3752 compleantur
1085 3690 1200 3734 omnes
1222 3672 1360 3737 restitu-

299 3781 408 3847 tiones
436 3800 502 3865 que
528 3772 715 3841 secundum
740 3770 883 3835 formam
907 3777 1071 3837 tractatus
1093 3770 1261 3839 debebant
1283 3774 1359 3840 fieri

298 3892 377 3950 ante
400 3880 644 3948 absolutionem
667 3880 826 3950 nostram,
844 3872 1005 3939 videlicet
1026 3873 1068 3940 de
1090 3876 1358 3960 possessionibus

298 3996 334 4053 et
353 3983 532 4052 mobilibus
555 3978 758 4047 extantibus.
804 3975 937 4056 Quibus
958 3977 1230 4045 restitutionibus
1253 3979 1359 4046 adim·
