3292 4809
408 1264 472 1333 IV.
517 1263 615 1331 THE
645 1262 1039 1333 HOHENSTAUFEN
1070 1262 1261 1333 PERIOD.

754 1507 893 1537 -Οθὺ-

249 1754 267 1792 .,
390 1709 601 1773 marmor
627 1709 651 1772 1.
679 1708 901 1773 sunouuoas
929 1709 993 1771 urs
1020 1708 1201 1773 arrosus
1227 1709 1273 1772 ro

649 1824 796 1888 marna
819 1825 877 1887 111.
897 1825 1013 1907 (1152).

623 1972 703 2034 [saffo
709 1988 715 2032 ;
731 1973 788 2020 Bib.
798 1972 857 2020 Rer.
869 1973 938 2030 Ger„
949 1974 970 2020 1.
980 1970 1044 2033 499]

349 2099 576 2167 Dilectissimo
599 2099 635 2163 in
658 2098 794 2164 Christo
816 2098 905 2185 patri
926 2120 989 2164 suo
1012 2098 1208 2186 E(ugenio)
1224 2105 1358 2165 sanctae

306 2205 474 2271 Romanae
507 2203 687 2270 aecclesiae
722 2224 853 2267 summo
883 2203 1035 2289 pontifici
1065 2202 1263 2268 Fredericus
1293 2202 1359 2268 Dei

305 2311 416 2397 gratia
434 2309 661 2373 Romanorum
683 2328 743 2372 rex
767 2314 802 2371 ct
825 2328 955 2392 semper
970 2314 1134 2393 augustus
1150 2306 1285 2371 filialem
1299 2329 1359 2392 per

305 2414 417 2477 omnia
434 2412 649 2477 dilectionem
664 2417 700 2476 et
714 2410 862 2476 debitam
876 2411 912 2474 in
928 2410 1075 2475 Domino
1090 2412 1322 2476 reverentiam.

349 2515 485 2581 Patrem
507 2515 634 2601 patriae
651 2515 759 2591 decet,
781 2513 973 2579 veneranda
995 2516 1179 2599 priscorum
1201 2516 1359 2580 instituta

305 2643 424 2708 regum
446 2619 628 2707 vigilanter
651 2618 824 2685 observare
848 2625 883 2683 et
904 2619 1006 2684 sacris
1030 2640 1146 2684 eorum
1173 2618 1358 2704 disciplinis

305 2725 417 2791 tenaci
438 2723 550 2789 studio
576 2723 740 2800 inherere,
767 2729 808 2787 ut
831 2723 963 2789 noverit
988 2744 1131 2810 regnum
1152 2723 1216 2789 sibi
1240 2744 1260 2788 a
1285 2723 1359 2789 Deo

305 2830 466 2895 collatum
484 2825 616 2914 legibus
632 2848 670 2892 ac
686 2824 833 2892 moribus
856 2848 923 2890 non
946 2828 1057 2892 minus
1080 2827 1240 2893 adornare
1257 2848 1359 2913 quam

305 2934 405 2998 armis
435 2939 470 2999 et
498 2930 587 2997 bello
618 2930 803 2996 defensare.
850 2929 1054 2997 Sollemnem
1083 2933 1198 3018 itaquo
1228 2932 1359 3018 imperii

305 3037 448 3104 Romani
463 3057 590 3102 morem
605 3056 624 3100 a
638 3034 771 3121 proavis
786 3034 921 3112 nostris,
933 3035 1188 3121 imperatoribus
1200 3035 1360 3101 videlicet

305 3147 341 3207 et
376 3139 522 3228 regibus,
553 3138 596 3204 ad
626 3160 685 3204 nos
717 3138 950 3204 transmissum
986 3147 1176 3224 sequentes,
1207 3141 1358 3227 legatum

304 3252 467 3322 nostrum,
483 3245 594 3310 virum
615 3243 746 3309 scilicet
768 3241 953 3309 discretum
974 3251 1010 3310 et
1031 3244 1222 3321 honestum,
1237 3244 1361 3330 E(ber-

304 3348 466 3433 bardum)
491 3347 717 3414 venerabilem
740 3346 1056 3435 Bavenbergensem
1078 3348 1283 3434 episcopum,
1306 3348 1361 3414 ad·

304 3453 428 3539 junctis
458 3451 521 3517 sibi
551 3450 725 3537 H<iuin0)
758 3450 951 3517 Trevirensi
980 3452 1088 3518 electo
1115 3458 1150 3517 et
1183 3451 1357 3537 A(damo)

305 3556 505 3623 Everacensi
517 3554 644 3632 abbate,
656 3554 699 3620 ad
710 3562 842 3621 vestrae
854 3556 1042 3621 sanctitatis
1057 3556 1259 3642 presentiam
1271 3556 1361 3621 etad

304 3661 422 3726 urbem
437 3659 604 3727 destinare
620 3659 821 3737 curavimus,
837 3666 878 3724 ut
893 3666 961 3725 tam
977 3682 1019 3725 ex
1034 3660 1200 3746 presentis
1217 3660 1360 3748 paginae

304 3765 429 3830 indicio
453 3785 554 3850 quam
576 3785 618 3830 ex
641 3762 790 3849 ipsorum
812 3763 890 3829 viva
914 3786 996 3831 voce
1017 3764 1058 3830 de
1082 3765 1203 3829 nostris
1225 3784 1362 3849 provec-

304 3868 394 3934 tibus
422 3875 459 3935 et
485 3869 589 3934 totius
612 3866 790 3936 aecclesiae
812 3888 852 3934 ac
877 3868 974 3959 regni
995 3875 1088 3935 statu
1110 3868 1269 3936 certiores
1289 3889 1360 3936 esse

303 3973 447 4063 possitis.

484 4091 525 4158 74
