3292 4809
330 548 396 614 122
552 567 683 615 sunnon
705 566 912 614 nnnrnvnn
933 567 1163 616 nocunrnnrs.

330 734 406 798 ciali
422 733 600 821 diligentes
615 733 751 812 affectu,
766 742 805 800 ut
820 757 995 820 personam
1009 742 1160 800 nostram
1174 736 1216 801 ab
1228 735 1388 803 omnibus

330 837 486 902 volumus
502 845 537 902 et
552 839 754 924 precipimus
769 838 937 903 honorari.

374 940 452 1006 Dat.
469 939 598 1007 Salerni
613 940 644 1005 4.
660 941 712 1006 Id.
728 942 819 1019 Feb,
835 942 1018 1008 indictione
1035 943 1065 1007 9.

788 1180 925 1208 —000--

363 1357 437 1420 run
464 1357 573 1420 rmsr
599 1358 964 1453 rxcouuurrcrrror
991 1359 1035 1421 or
1061 1360 1273 1423 rrmraror
1287 1360 1345 1424 Π.

799 1456 915 1536 (nar).

559 1627 715 1689 [Encyclical
724 1628 752 1675 ol
762 1628 878 1688 Gregory
888 1629 933 1675 IX.
964 1629 1045 1685 H.-B.,
1054 1629 1099 1675 III.
1110 1628 1160 1689 24]

372 1774 555 1861 Gregorius
570 1774 756 1859 episcopus,
769 1781 833 1839 etc.
876 1772 1074 1851 Marsicano,
1087 1772 1262 1852 Valvensi,
1275 1774 1385 1841 Thea

327 1879 410 1957 tino,
435 1877 614 1954 Pennensi,
638 1877 820 1962 Aprutino,
846 1877 1032 1961 ceterisque
1059 1898 1119 1962 per
1141 1878 1201 1942 has
1225 1879 1384 1966 regiones

327 1982 521 2048 constitutis
544 1981 716 2066 episcopis,
735 1987 800 2045 etc.
849 1980 890 2043 In
913 1981 1013 2044 maris
1035 1981 1257 2066 amplitudine
1280 1984 1386 2067 spati·

327 2107 384 2151 osa
399 2085 556 2150 navicula
574 2084 669 2149 Petri
689 2084 806 2170 posita,
822 2084 879 2149 vel
894 2084 1006 2168 potius
1022 2085 1174 2168 exposita
1189 2084 1383 2152 turbinibus

326 2196 576 2275 tempestatum,
592 2188 640 2253 sio
662 2188 788 2273 jugiter
804 2184 960 2272 procellis
982 2194 1018 2251 et
1039 2184 1198 2253 fluctibus
1220 2189 1382 2274 agitatur,

326 2300 368 2358 ut
382 2294 453 2379 ejus
468 2291 709 2379 gubernatores
730 2297 765 2355 et
782 2290 923 2377 remiges
938 2291 997 2355 vix
1021 2291 1173 2378 contigat
1195 2291 1383 2376 aliquando

326 2396 416 2461 inter
438 2395 611 2483 augustias
633 2393 873 2458 inundantium
894 2393 1051 2458 imbrium
1072 2395 1246 2479 respirare.
1292 2394 1384 2461 Nam

326 2500 355 2566 si
371 2499 507 2585 quando
522 2519 679 2584 prospero
694 2504 797 2562 vento
820 2495 923 2561 flante
945 2497 1053 2582 plenis
1069 2498 1155 2562 velis
1177 2498 1222 2562 ad
1242 2507 1383 2583 portum

326 2602 488 2679 tenditur,
504 2600 616 2667 subito
631 2608 753 2666 ventus
769 2600 901 2664 irruens
921 2622 964 2665 ex
985 2599 1127 2665 adverso
1149 2601 1316 2686 impulsus
1339 2604 1385 2669 ab

325 2707 396 2783 illo,
411 2706 508 2792 cujus
522 2705 649 2769 halitus
664 2725 789 2789 prunas
805 2703 921 2768 ardere
937 2702 1030 2781 iacit,
1046 2703 1090 2768 ad
1108 2706 1208 2769 maris
1231 2706 1385 2771 altitudi-

326 2830 404 2874 nem
426 2817 463 2875 et
485 2808 681 2874 turbulente
704 2807 947 2893 profunditatis
970 2828 1134 2872 oceanum
1155 2809 1270 2873 navim
1292 2812 1385 2895 rapit

326 2935 393 2999 quc
408 2914 519 2978 cincta
534 2910 691 2976 fiuctibus
706 2912 880 2998 mergitur,
896 2932 964 2974 non
984 2909 1223 2997 submergitur,
1240 2914 1323 2997 quia
1346 2916 1385 2978 in

325 3038 365 3082 ea
387 3016 535 3081 residens
559 3014 725 3084 Dominus
748 3013 991 3098 discipulorum
1012 3014 1150 3080 tandem
1176 3015 1385 3083 clamoribus

325 3121 503 3197 excitatus,
520 3118 602 3182 dum
623 3117 723 3204 fugat
743 3118 881 3202 spiritus
902 3115 1122 3194 insufflantes,
1138 3125 1174 3184 et
1196 3120 1281 3183 mari
1303 3143 1386 3186 ven·

324 3225 436 3309 tisque
458 3223 611 3308 imperat,
633 3221 672 3286 fit
693 3221 925 3305 tranquillum.
971 3218 1126 3299 Quatuor
1148 3221 1289 3306 quidem
1310 3247 1386 3310 pro-

324 3328 409 3394 celle
439 3327 598 3413 precipue
628 3325 788 3410 quatiunt
818 3324 933 3388 navim
970 3323 1087 3400 istam3
1125 3346 1203 3388 nam
1240 3328 1386 3411 perfidia

324 3452 530 3519 paganorum
562 3437 688 3494 terram
721 3427 883 3513 inclytam
918 3426 1044 3491 Christi
1072 3429 1237 3515 sanguine
1269 3452 1387 3499 conse·

324 3544 451 3602 oratam
484 3534 584 3619 impie
610 3532 761 3597 detinere
791 3529 985 3606 contendit3
1019 3530 1125 3596 rabies
1157 3538 1386 3617 tyrannorum

324 3639 523 3726 temporalia
549 3637 691 3723 rapiens,
716 3634 919 3700 exterminat
951 3632 1118 3718 justitiam
1142 3641 1179 3699 et
1202 3639 1386 3705 conculcat

324 3744 587 3810 ecclesiasticam
608 3738 818 3812 libertatem3
844 3736 1068 3800 hereticorum
1094 3738 1225 3802 insania
1253 3738 1386 3807 Christi

308 3848 474 3930 ntunicam
494 3844 647 3911 scindere
669 3841 792 3905 nititur
811 3845 848 3903 et
868 3838 1063 3904 subvertere
1086 3840 1165 3905 fidei
1183 3840 1388 3910 fundamen-

324 3957 417 4028 tum3
449 3950 613 4015 falsorum
636 3944 782 4010 fratrum
806 3947 843 4007 et
865 3940 1012 4005 filiorum
1035 3941 1151 4008 dolosa
1177 3948 1387 4029 perversitas
