3292 4809
424 603 561 655 rnsroo
582 604 727 655 erran
748 601 995 653 nnauccunrs
1016 602 1222 653 rurnaoas.
1307 585 1350 655 4⁷

294 797 361 863 que
376 772 581 861 principibus
603 773 699 861 regni
715 772 984 839 Teutonicorum
1006 772 1227 839 christianum
1249 770 1351 839 fidem

193 913 195 915 ’
294 878 551 948 defendentibus
566 877 711 944 salutem
726 883 762 943 et
777 878 997 963 apostolicam
1011 876 1291 945 benedictionem.

338 983 509 1065 Quoniam
534 1004 594 1069 pro
620 1003 732 1047 amore
758 981 909 1067 justitiae
937 1002 1150 1048 communem
1175 981 1351 1049 nobiscum

293 1090 331 1155 in
348 1108 455 1177 agone
474 1086 675 1153 chistianae
698 1086 840 1151 militiae
863 1106 998 1151 causam
1020 1093 1055 1152 et
1077 1086 1265 1172 periculum
1281 1108 1352 1154 sus·

295 1192 450 1279 cepistis3
472 1191 619 1278 qualiter
633 1212 700 1267 rex,
715 1189 912 1255 humiliatus
931 1189 975 1255 ad
992 1192 1244 1277 poenitantiam
1260 1191 1353 1258 abso·

293 1296 433 1363 luticnis
459 1295 593 1362 veniam
618 1295 861 1380 impetraverit,
888 1301 924 1360 et
950 1294 1118 1380 quomodo
1147 1303 1221 1362 tota
1250 1316 1351 1362 causa

294 1408 371 1487 post
391 1400 570 1467 introitum
591 1398 664 1485 ejus
686 1399 722 1461 in
745 1397 882 1464 Italiam
905 1397 973 1464 huc
995 1420 1103 1485 usqua
1126 1399 1274 1466 deducta
1294 1400 1350 1479 sit,

295 1511 425 1574 vestrae
441 1502 614 1569 dilectioni
630 1503 759 1569 sincera
774 1503 915 1568 caritate
930 1502 1079 1575 indicare
1095 1505 1295 1570 curavimus.

226 1691 227 1695 Ἰ
339 1608 435 1675 Sicut
460 1608 685 1673 constitutum
710 1605 785 1671 fuit
807 1627 885 1672 cum
912 1607 1043 1694 legatis,
1066 1608 1126 1692 qui
1152 1608 1195 1673 ad
1220 1629 1281 1673 nos
1308 1606 1350 1675 de

295 1713 415 1781 vestris
437 1710 589 1798 partibus
611 1711 703 1776 missi
729 1717 820 1789 sunt,
843 1711 881 1776 in
906 1710 1173 1799 Langobardiam
1195 1712 1351 1779 venimus

295 1818 428 1884 circiter
457 1816 581 1903 viginti
611 1815 682 1881 dias
712 1822 790 1880 ante
824 1815 1018 1893 terminum,
1048 1816 1085 1879 in
1123 1837 1191 1902 quo
1226 1815 1351 1902 aliquis

297 1921 422 1988 ducum
440 1922 485 1987 ad
504 1921 624 1988 Clusae
643 1921 739 1987 nobis
765 1939 939 1985 occurrere
965 1917 1101 1995 debuit3
1133 1926 1351 2007 expectantes

294 2024 481 2092 adventum
509 2023 656 2100 illorum,
687 2029 856 2108 quatenus
885 2022 930 2087 ad
959 2029 1071 2108 partes
1102 2023 1178 2089 illas
1208 2026 1351 2091 transire

295 2149 478 2215 possemus.
537 2127 668 2193 Verum
697 2147 786 2205 cum,
816 2126 884 2212 jam
921 2125 1062 2192 decurso
1099 2127 1253 2206 termino,
1286 2128 1351 2195 hoc

296 2231 391 2299 nobis
413 2232 652 2299 nunciaretur:
675 2230 728 2295 his
750 2228 955 2316 temporibus
977 2252 1056 2317 prae
1079 2231 1352 2319 multis—quod

296 2344 332 2403 at
345 2358 407 2403 nos
422 2336 560 2423 quidem
576 2335 741 2402 credimus
752 2333 1060 2401 -difficultatibus
1076 2334 1238 2401 ducatum
1256 2335 1352 2403 nobis

296 2440 429 2508 obviam
454 2441 545 2506 mitti
571 2461 640 2505 non
666 2461 786 2525 posse3
812 2460 874 2506 nac
902 2437 1039 2506 aliunde
1066 2440 1197 2526 copiam
1223 2440 1266 2505 ad
1291 2462 1352 2508 vos

297 2544 494 2613 transeundi
523 2543 741 2622 haberemus3
773 2564 844 2608 non
873 2564 976 2629 parva
1006 2544 1244 2622 sollicitudine,
1269 2544 1353 2630 quid

297 2650 509 2738 potissimum
532 2647 625 2714 nobis
650 2647 820 2736 agendum
844 2647 944 2726 foret,
969 2648 1190 2714 circumventi
1213 2670 1341 2714 sumus.

341 2754 483 2820 Interim
511 2773 603 2830 vero,
633 2773 746 2838 regem
776 2750 971 2829 adventare,
1002 2759 1092 2817 certe
1122 2754 1353 2840 cognovimus.

300 2857 369 2939 Qui
395 2858 508 2935 etiam,
533 2858 731 2943 priusquam
757 2856 917 2921 intrasset
944 2856 1089 2934 Italiam,
1114 2856 1284 2941 supplices
1310 2856 1354 2922 ad

298 2984 360 3029 nos
389 2962 519 3049 legatos
548 2961 776 3046 praemittens,
803 2981 864 3044 per
894 2960 1007 3025 omnia
1035 2981 1071 3025 sc
1100 2959 1354 3026 satisfacturum

299 3066 374 3133 Deo
396 3073 432 3132 et
452 3072 569 3132 sancto
592 3063 696 3131 Petro
718 3085 756 3129 ac
780 3063 884 3141 nobis,
901 3062 1045 3139 obtulit3
1069 3070 1114 3141 et,
1136 3063 1180 3129 ad
1201 3063 1355 3130 emenda·

299 3171 426 3237 tionem
440 3170 530 3237 vitae
549 3189 639 3245 suae,
656 3189 788 3233 omnem
808 3173 845 3233 se
868 3173 1080 3233 servaturum
1098 3166 1354 3246 oboedientiam,

299 3274 507 3361 repromisit3
530 3272 711 3338 dummodo
734 3270 825 3357 apud
847 3292 909 3336 nos
932 3269 1152 3337 absolutionis
1172 3279 1208 3338 et
1225 3280 1355 3357 aposto

299 3379 384 3444 licae
398 3376 638 3444 benedictionis
654 3376 796 3463 gratiam
810 3375 990 3459 impetrare
1014 3382 1208 3441 mereretur.
1254 3374 1356 3456 Quod

300 3503 378 3547 cum
393 3480 453 3547 diu
468 3480 584 3547 multis
600 3478 902 3546 consultationibus
920 3476 1125 3556 differentes,
1140 3480 1262 3545 acriter
1276 3500 1355 3545 eum

301 3584 342 3652 de
357 3586 427 3652 suis
443 3584 633 3651 excessibus
648 3605 708 3669 per
723 3601 840 3648 omnes
855 3582 915 3668 qui
930 3582 1199 3648 intercurrebant
1213 3584 1355 3648 nuncios

300 3689 596 3777 redargueremus3
619 3687 756 3753 tandem
777 3707 838 3773 per
859 3693 966 3752 semet
987 3687 1110 3773 ipsum,
1126 3686 1212 3750 nihil
1233 3686 1355 3751 hostile

300 3802 362 3860 aut
382 3794 596 3861 temerarium
619 3799 801 3869 ostentans,
825 3790 869 3856 ad
891 3789 1053 3877 oppidum
1069 3778 1217 3867 Canusii,
1232 3790 1269 3853 in
1288 3811 1356 3876 quc

301 3899 422 3965 morati
437 3919 564 3975 sumus,
581 3917 658 3964 cum
673 3896 788 3981 paucis
804 3894 953 3961 advenit.
996 3893 1115 3979 Ibique
1131 3915 1191 3980 per
1205 3893 1357 3960 triduum

301 4010 380 4070 ante
401 4010 533 4091 portam
555 4000 665 4079 castri,
688 3997 842 4086 deposito
864 4019 963 4065 omne
985 3998 1080 4085 regio
1103 3999 1211 4076 cultu,
1223 3997 1358 4067 misera·
