3292 4809
510 628 586 675 run
609 627 912 676 nonnnsrsurnn
935 628 1085 677 rnnron.
1282 612 1324 681 'll

450 940 525 1002 THE
552 940 703 1002 TREATY
731 940 775 1003 OF
801 939 1145 1025 (torismundus).

272 1100 318 1163 [Μ.
330 1101 358 1150 G.
369 1102 411 1160 11„
423 1101 473 1149 LL.
484 1102 517 1148 11.
528 1102 565 1148 93.
596 1102 649 1150 The
663 1106 720 1149 text
735 1102 795 1149 here
810 1102 887 1161 given
902 1102 925 1149 is
940 1104 998 1150 that
1012 1103 1041 1149 ol
1055 1104 1173 1160 Thelner,
1184 1102 1246 1151 (iod.
1257 1104 1325 1151 dom.

218 1228 220 1233 ,
336 1181 414 1237 temp.
426 1190 447 1224 s.
459 1176 540 1234 sedis,
552 1177 572 1223 1.
584 1178 620 1234 15,
632 1189 661 1224 as
672 1176 802 1236 reprinted
812 1178 840 1223 in
849 1177 968 1234 Doeberl,
980 1177 1016 1223 M.
1027 1176 1058 1225 G.
1070 1178 1106 1235 8.,
1117 1179 1162 1226 IV.
1172 1180 1202 1226 79
1211 1176 1260 1238 sq.]

315 1315 513 1381 Venerabili
529 1316 565 1380 in
584 1314 722 1381 Christo
741 1316 832 1400 patri
847 1316 1004 1402 Eugenio
1020 1315 1075 1381 dei
1090 1318 1202 1402 gratia
1217 1317 1327 1402 Apos-

270 1422 371 1486 toliee
388 1419 485 1486 Sedis
500 1420 671 1498 Pontifici,
685 1419 885 1485 Frederious
901 1419 957 1485 dei
972 1422 1083 1505 gratia
1100 1420 1327 1486 Romanorum

272 1525 461 1609 Imperator
476 1524 668 1610 Augustus,
685 1523 823 1588 filialem
843 1523 1059 1590 dilectionem
1075 1531 1110 1589 et
1126 1524 1275 1590 debitam
1290 1527 1328 1589 in

157 1674 161 1681 ·
273 1628 409 1694 Christo
421 1629 656 1694 reverentiam.
686 1627 793 1713 Regie
804 1628 992 1714 majestatis
1004 1628 1154 1715 dignitas
1165 1629 1327 1714 postulat,

272 1755 345 1817 que¹
361 1732 404 1797 ad
426 1734 518 1817 pacis
540 1739 576 1797 et
598 1732 777 1798 concordie
803 1732 930 1797 bonum
957 1741 1108 1817 spectare
1130 1741 1327 1811 noscuntur,

272 1844 404 1901 attenta
426 1836 655 1902 sollieitudine
678 1836 842 1914 stabilire,
858 1843 893 1901 et
909 1844 948 1901 ut
964 1838 1212 1923 interregnum
1228 1845 1262 1903 et
1277 1859 1328 1902 sa

272 1940 460 2006 eerdotium
478 1941 707 2006 indissolubili
726 1942 868 2006 caritate
887 1940 1014 2006 bonum
1036 1943 1146 2025 ipsum
1164 1949 1328 2026 perpetuo

271 2052 475 2129 perseveret,
492 2045 649 2131 diligenti
661 2046 775 2110 studio
788 2053 825 2111 et
836 2052 956 2111 exacta
971 2045 1151 2130 diligentia
1165 2045 1328 2110 laborare.

273 2150 388 2235 Hujus
411 2150 527 2233 itaque
557 2151 699 2215 rationis
728 2156 911 2235 prospectu
942 2149 1156 2215 concordiam
1185 2149 1329 2214 inferius

272 2262 478 2330 annotatam,
502 2274 569 2337 q-ue
592 2255 683 2319 inter
704 2275 767 2319 nos
789 2260 825 2318 et
847 2276 918 2331 vos,
942 2260 1079 2319 auctore
1102 2254 1176 2331 deo,
1199 2261 1329 2319 statuta

272 2366 333 2435 est,
350 2359 439 2422 siout
462 2358 504 2422 ab
528 2364 672 2441 utraque,
689 2366 786 2442 parte
807 2358 961 2423 stabilita
979 2364 1031 2423 est
1050 2366 1084 2423 et
1105 2357 1270 2435 ordinata,
1286 2379 1329 2423 ne

273 2461 403 2545 aliquid
418 2461 560 2526 arbitrio
579 2470 695 2526 nostro
714 2463 911 2528 immutasse
926 2461 1113 2539 videamur,
1129 2483 1190 2547 per
1212 2461 1329 2527 eadem

273 2566 376 2630 verba
390 2567 557 2650 presentis
572 2568 658 2631 serie
673 2567 792 2651 scripti
807 2568 1021 2651 precepimus
1036 2566 1202 2631 annotari.

317 2669 359 2733 In
381 2672 516 2733 nomine
540 2670 679 2734 Domini
698 2670 822 2734 Amen.
871 2669 946 2737 Heo
962 2677 1014 2736 est
1029 2670 1206 2735 concordie
1222 2670 1330 2735 forma

273 2782 307 2838 et
323 2775 557 2839 conventionis
574 2775 664 2838 inter
679 2774 854 2838 dominum
874 2796 996 2860 papam
1011 2775 1205 2860 Eugenium
1221 2781 1256 2839 et
1271 2773 1328 2838 do·

273 2879 402 2941 minum
419 2877 619 2942 Federioum
634 2877 865 2944 Romanorum
880 2880 1126 2963 imperatorem,
1143 2878 1330 2943 constituta

273 2982 500 3046 mediantibus
525 2981 691 3068 Gregorio
714 2990 830 3048 sancte
852 2982 962 3047 Marie
981 2982 1238 3059 Transtiberim,
1256 2982 1329 3046 Hu-

273 3084 373 3149 baldo
389 3093 503 3150 sancte
520 3085 695 3163 Praxedis,
709 3086 882 3150 Bernardo
898 3086 1007 3151 saneti
1024 3085 1219 3164 Clementis,
1231 3085 1331 3152 Octa·

273 3191 373 3255 viano
396 3196 511 3254 sancte
535 3189 670 3267 Ceoilie,
695 3190 864 3255 Rollando
887 3191 997 3255 saneti
1020 3190 1139 3267 Marci,
1165 3189 1330 3276 Gregorio

273 3295 382 3359 sancti
412 3294 550 3379 Angeli‚
583 3293 740 3359 Guidone
770 3301 886 3359 sancte
917 3294 1026 3359 Mario
1056 3294 1093 3358 in
1124 3294 1265 3359 Portiou
1294 3300 1330 3359 et

274 3398 433 3462 Brunone
451 3398 587 3463 Abbate
610 3397 652 3463 de
676 3398 866 3464 Claravalle
889 3419 931 3463 ex
951 3406 1048 3483 parte
1068 3397 1197 3463 domini
1217 3419 1326 3483 pape;

273 3501 437 3566 Anselmo
459 3523 541 3567 vero
564 3501 821 3589 Avelbergensi‚
846 3502 1044 3567 Hermanno
1075 3501 1329 3567 Constantiensi

220 3669 223 3674 .
273 3606 459 3690 Episcopis,
480 3604 640 3671 Olderico
663 3605 705 3671 de
729 3604 937 3683 Zenzburoh,
958 3605 1116 3671 Guidone
1140 3605 1272 3670 Guerra
1294 3612 1329 3671 et

274 3709 431 3774 Guidone
445 3709 684 3775 Blandratensi
696 3709 888 3776 Comitibus
900 3732 943 3776 ex
958 3718 1055 3795 parte
1070 3709 1199 3774 domini
1214 3709 1328 3795 Regis.

273 3813 440 3879 Dominus
452 3814 620 3898 siquidem
633 3815 706 3879 Rex
717 3836 823 3879 unum
833 3814 875 3881 de
884 3814 1070 3901 majoribus
1081 3813 1329 3879 ministratibus

273 3920 370 4004 regni
385 3918 488 3983 faeiet
503 3920 540 3982 in
555 3918 666 3983 anima
681 3920 772 4005 regis
787 3919 911 4005 jurare,
928 3926 963 3984 et
981 3919 1052 4003 ipse
1072 3919 1209 4003 propria
1226 3939 1329 3984 manu

273 4023 352 4088 data
375 4022 441 4088 fide
465 4024 501 4087 in
523 4044 627 4088 manu
651 4023 771 4110 Legati
794 4023 930 4089 domine
947 4044 1034 4109 pape
1052 4023 1217 4110 promisit,
1237 4023 1329 4109 quod
