3292 4809
421 631 558 680 rnaron
580 631 627 680 or
649 632 723 679 run
745 630 989 680 rannooumu
1011 632 1216 683 armanore.
1301 615 1344 684 67

516 899 560 982 b)
589 896 654 962 The
672 897 877 963 Ocaccsaioaa
893 898 932 980 of
942 896 1060 983 Heary
1082 897 1119 964 V.

292 1068 373 1130 [Mitt.
382 1070 427 1117 das
434 1070 497 1117 lust.
506 1069 526 1116 f.
534 1068 583 1117 δεῖ.
592 1068 692 1126 Gasch,
700 1070 744 1117 VI.
754 1070 805 1126 105,
814 1070 977 1129 asquotadin
982 1068 1100 1126 Docbcrl,
1108 1070 1144 1115 Μ.
1154 1069 1185 1117 G.
1194 1069 1340 1131 s.‚n1.ao.]

334 1213 376 1276 In
392 1212 527 1278 nomine
544 1219 659 1278 sancte
683 1218 718 1277 et
740 1209 915 1276 individue
933 1212 1096 1277 trinitatis
1112 1211 1197 1298 Ego,
1213 1211 1346 1277 Heinri-

291 1339 360 1394 cus,
388 1315 454 1382 Dei
482 1317 592 1404 gratia
619 1316 847 1381 Romanorum
873 1316 1061 1400 Imperator
1081 1322 1257 1403 augustus,
1284 1338 1345 1401 pro

290 1442 401 1485 amore
423 1420 478 1486 dei
500 1427 536 1486 et
556 1426 672 1485 sancte
700 1420 849 1484 Romane
874 1418 1013 1485 ecclesie
1037 1426 1072 1484 et
1098 1420 1227 1485 domini
1254 1421 1346 1504 Papo

292 1524 428 1602 Calixti,
444 1531 480 1589 et
494 1545 554 1609 pro
569 1522 716 1588 remedio
730 1524 842 1588 anime
858 1544 931 1589 mee
946 1523 1081 1587 dimitto
1096 1521 1158 1588 deo
1174 1528 1209 1588 et
1219 1524 1345 1588 sanctis

291 1626 345 1694 dei
365 1628 527 1713 apostolis
549 1628 662 1705 Petro,
679 1634 715 1693 et
729 1626 849 1705 Paulo,
864 1633 1048 1712 sancteque
1064 1626 1228 1693 catholice
1243 1628 1347 1693 eccle·

290 1733 348 1810 sie,
375 1754 507 1797 omnem
537 1732 773 1797 investituram
798 1753 858 1817 per
883 1732 1024 1797 anulum
1049 1739 1086 1796 et
1115 1730 1283 1809 baculum,
1310 1739 1346 1797 et

291 1836 438 1901 concedo
460 1836 497 1899 in
519 1835 675 1901 omnibus
694 1835 845 1901 ecclesiis
867 1856 933 1921 que
956 1836 993 1898 in
1013 1856 1119 1921 regno
1135 1835 1191 1901 vel
1205 1835 1344 1920 imperio

290 1961 364 2004 meo
379 1945 470 2017 sunt,
486 1938 682 2004 canonicam
704 1938 777 2003 fieri
799 1939 1000 2004 electionem
1022 1945 1058 2004 et
1079 1938 1219 2004 liberam
1234 1960 1346 2005 conse·

290 2042 482 2109 cretionem.
528 2041 757 2108 Possessiones
787 2049 823 2108 et
851 2042 979 2129 regalia
1006 2041 1097 2107 beati
1120 2041 1301 2128 Patrique
1325 2063 1345 2107 a

289 2147 453 2233 principio
475 2146 577 2212 huius
596 2146 760 2212 discordie
776 2168 885 2233 usque
900 2145 944 2210 ad
958 2144 1153 2210 hodiernam
1168 2146 1258 2211 diem
1272 2147 1346 2213 sive

290 2257 438 2335 tempore
469 2250 573 2336 patris
604 2251 670 2315 mei
699 2251 770 2316 sive
793 2251 898 2315 etiam
919 2271 993 2314 meo
1016 2250 1127 2315 ablata
1155 2256 1247 2327 sunt,
1277 2272 1344 2335 que

289 2354 405 2432 habeo,
428 2354 541 2420 eidem
561 2361 678 2419 sancte
701 2354 851 2419 Romane
874 2354 1015 2419 ecclesie
1037 2353 1190 2430 restituo,
1206 2375 1272 2439 que
1290 2376 1346 2419 au·

290 2466 368 2523 tem
382 2479 453 2522 non
474 2458 590 2535 habeo,
612 2465 654 2522 ut
675 2458 900 2523 restituantur
921 2458 1066 2522 fideliter
1087 2457 1221 2543 juvabo.
1267 2457 1346 2524 Pos-

289 2563 453 2628 sessiones
463 2562 566 2627 etiam
575 2562 716 2625 aliarum
727 2563 876 2626 omnium
886 2562 1102 2627 ecclesiarum
1111 2569 1146 2627 et
1154 2562 1343 2647 principum

289 2674 325 2733 et
339 2667 482 2731 aliorum
499 2673 569 2730 tam
591 2666 792 2732 clericorum
806 2687 909 2751 quam
930 2666 1091 2730 laicorum
1106 2687 1172 2751 que
1187 2666 1223 2729 in
1239 2687 1345 2732 werra

289 2772 354 2835 ista
379 2770 498 2835 amisse
524 2776 614 2847 sunt,
641 2770 781 2836 consilio
811 2770 1002 2855 principum
1026 2769 1083 2835 vel
1112 2769 1246 2855 justicia
1276 2791 1343 2856 que

289 2875 396 2940 habeo
425 2874 574 2951 reddam,
599 2894 665 2960 que
696 2895 765 2939 non
790 2872 897 2939 habeo
927 2881 967 2939 ut
990 2872 1176 2938 reddantur
1199 2872 1345 2939 fideliter

289 2978 420 3065 juvabo,
468 2977 514 3043 Et
544 2977 587 3043 do
617 2999 732 3044 veram
761 2999 880 3063 pacem
909 2976 1044 3042 domino
1074 2977 1166 3061 Papa
1197 2975 1343 3055 Calixto,

289 3090 471 3168 sancteque
495 3082 645 3148 Romane
668 3082 808 3147 ecclesie
831 3088 867 3147 et
888 3081 1042 3146 omnibus
1059 3082 1118 3166 qui
1133 3081 1169 3145 in
1183 3089 1278 3167 parte
1296 3082 1345 3167 ip-
1399 3101 1401 3105 ⁴

289 3188 358 3253 sius
373 3193 455 3252 sunt
470 3186 526 3253 vel
540 3185 689 3263 fuerunt,
706 3193 741 3251 et
755 3186 791 3250 in
807 3185 930 3271 quibus
945 3192 1062 3251 sancta
1077 3186 1228 3250 Romana
1243 3187 1344 3251 eccle·

289 3292 338 3357 sia
352 3292 519 3355 auxilium
540 3291 773 3376 postulaverit,
796 3289 941 3355 fideliter
962 3289 1096 3375 juvabo,
1113 3295 1148 3354 et
1162 3288 1204 3355 de
1220 3289 1342 3376 quibus

290 3395 372 3459 mihi
386 3394 506 3461 fecerit
520 3395 772 3480 querimoniam,
788 3393 936 3459 debitam
950 3393 1013 3459 sibi
1028 3392 1149 3458 faciam
1163 3394 1342 3479 justiciam.

290 3498 364 3564 Hec
390 3500 502 3564 omnia
526 3506 602 3564 acta
625 3506 707 3564 sunt
729 3520 895 3563 consensu
921 3505 956 3563 et
979 3498 1116 3563 consilio
1141 3498 1344 3583 principum,

289 3624 434 3688 quorum
450 3603 587 3667 nomina
602 3601 791 3686 subscripta
807 3610 907 3668 sunt:
937 3600 1144 3667 Adelbertus
1167 3601 1345 3687 archiepis·

289 3727 392 3791 copus
408 3706 633 3792 Moguntinus
650 3706 688 3769 F.
706 3703 917 3771 Coloniensis
938 3706 1216 3792 archiepiscopus,
1232 3704 1278 3769 H.
1294 3727 1344 3769 ra·

289 3809 490 3875 tisbonensis
513 3810 698 3895 episcopus,
723 3807 765 3873 Ο.
787 3808 1070 3897 bavenbergensis
1093 3811 1278 3895 episcopus,
1301 3809 1342 3874 B.

288 3914 448 3999 spirensis
470 3913 655 3997 episcopus,
671 3911 717 3976 H.
733 3913 958 4000 augustensis,
978 3912 1020 3977 G.
1039 3913 1258 3998 trajectensis,
1276 3912 1343 3978 Ou.

290 4016 557 4096 constantiensis,
584 4016 624 4080 Ε.
655 4014 755 4081 abbas
780 4015 1018 4102 w(u)ldansis,
1048 4014 1231 4082 Heinricus
1261 4014 1343 4096 dux,
