3292 4809
482 618 620 668 rnnron
641 619 688 669 or
709 619 786 668 rrnr
806 618 931 669 saxon
952 614 1159 667 murrona.
1306 611 1348 677 25

293 787 391 853 beato
407 785 510 853 Petro
525 788 678 873 apostolo
692 809 752 874 per
766 787 959 854 donationis
974 787 1137 871 scriptum
1152 804 1349 851 concessum

294 898 347 957 est
360 890 424 956 sub
443 892 641 979 integritati.
687 892 775 957 Item
790 893 827 955 in
841 891 994 977 partibus
1017 891 1140 955 Tusoie
1163 887 1351 975 Langobar·

294 993 415 1060 dorum
437 995 614 1060 castellum
638 994 835 1072 Felicitatis,
860 994 986 1060 Urbem
1009 1001 1168 1068 veterem,
1184 992 1350 1057 Balneum

294 1099 391 1186 regis,
408 1097 555 1176 Ferenti,
572 1098 761 1177 Viterbum,
786 1098 942 1176 Orchem,
965 1098 1124 1175 Marcam,
1149 1097 1348 1173 Tuscanam,

295 1201 450 1279 Suanam,
469 1203 705 1288 Popolonium,
729 1189 880 1268 Roselles
908 1222 987 1284 enm
1017 1200 1218 1267 suburbanis
1234 1207 1344 1285 atque

294 1306 415 1371 viculis
442 1305 595 1371 omnibus
618 1314 655 1371 et
676 1307 852 1371 territoriis
878 1327 916 1371 ac
943 1305 1129 1383 maritimis,
1152 1303 1284 1390 oppidis
1309 1324 1349 1369 ac

294 1410 416 1475 viculis
445 1431 507 1475 seu
535 1409 658 1475 finibus
688 1410 854 1475 omnibus.
899 1409 1054 1495 Itemque
1084 1430 1104 1473 a
1134 1408 1240 1474 Lunis
1270 1429 1349 1473 cum

294 1514 405 1579 insula
421 1511 565 1592 Corsica,
581 1513 702 1580 deinde
717 1516 753 1578 in
770 1513 922 1591 Suriano,
939 1512 1060 1579 deinde
1083 1514 1120 1577 in
1142 1520 1255 1578 monte
1270 1512 1350 1576 Bar·

295 1616 402 1696 donis,
425 1616 547 1684 deinde
569 1619 606 1682 in
628 1618 782 1697 Berceto,
806 1617 928 1684 exinde
952 1619 988 1682 in
1011 1616 1143 1695 Parma,
1166 1615 1288 1683 deinde
1313 1616 1350 1679 in

296 1721 413 1809 Regia,
429 1721 553 1788 exinde
575 1722 611 1786 in
634 1722 778 1787 Mantua
800 1730 903 1807 atque
925 1722 962 1786 in
984 1723 1091 1787 monti
1114 1720 1225 1786 Silicis
1247 1726 1350 1804 atque
1469 1714 1474 1719 ’

295 1826 467 1912 provincia
481 1826 703 1892 Venetiarum
726 1834 762 1892 et
783 1826 884 1892 Istria
905 1848 966 1893 nec
983 1848 1051 1892 non
1066 1833 1101 1891 et
1117 1831 1276 1891 cunctum
1292 1823 1352 1889 du·

296 1935 410 1994 catum
425 1928 637 2015 Spolitanum
651 1952 712 1996 seu
727 1931 1005 1997 Beneventanum
1028 1950 1096 1994 una
1119 1951 1196 1994 cum
1211 1928 1352 1994 ecclesia

295 2041 410 2100 sancte
423 2032 569 2100 Cristine
581 2036 690 2121 posita
701 2056 804 2121 prope
820 2034 960 2121 Papiam
974 2035 1072 2120 juxta
1087 2032 1219 2097 Padum
1232 2039 1352 2118 quarto

296 2138 449 2203 miliario.
488 2137 780 2224 Iteminpartibus
790 2137 970 2224 Campanie
981 2137 1108 2215 Soram,
1123 2136 1239 2215 Arces,
1247 2136 1353 2221 Aqui·

295 2263 389 2320 num,
405 2241 584 2320 Arbinum,
597 2243 760 2321 Teanum,
776 2249 811 2309 et
828 2242 988 2329 Capuam.
1026 2241 1182 2308 Necnon
1203 2249 1239 2307 et
1251 2240 1353 2327 patri·

296 2347 408 2411 monia
430 2345 474 2411 ad
495 2353 699 2432 potestatem
721 2354 757 2412 et
778 2346 943 2412 ditionem
965 2354 1113 2413 vestram
1139 2344 1351 2431 pertinentia,

295 2450 385 2516 sicut
406 2458 459 2515 est
480 2451 720 2536 patrimonium
743 2451 1022 2516 Beneventanum
1048 2457 1084 2517 et
1112 2449 1353 2536 patrimonium

296 2553 558 2640 Neapolitanum
581 2562 683 2639 atque
712 2555 912 2641 patrimonia
939 2554 1092 2620 Calabrie
1115 2553 1295 2640 superioris
1317 2559 1353 2618 et

295 2656 463 2724 inferioris
472 2657 567 2724 -de
583 2660 722 2725 civitate
737 2666 853 2724 autem
873 2659 1095 2746 Neapolitana
1110 2681 1188 2725 cum
1203 2656 1352 2723 castellis

296 2768 332 2826 et
346 2762 522 2827 territoriis
538 2783 576 2827 ae
594 2761 718 2828 finibus
733 2770 770 2828 et
790 2764 911 2829 insulis
926 2764 996 2828 suis
1011 2762 1075 2829 sibi
1096 2759 1352 2849 pertinentibus,

296 2865 398 2931 sicuti
419 2864 464 2929 ad
486 2865 620 2931 easdem
641 2866 788 2952 aspicere
804 2866 1086 2932 videntur—nec
1108 2888 1177 2930 non
1197 2865 1354 2950 patrimo-

294 2967 389 3032 nium
414 2967 536 3046 Sicilie,
560 2970 589 3034 si
613 2968 696 3035 deus
720 2972 846 3037 nostris
869 2970 958 3036 illud
983 2970 1162 3036 tradiderit
1190 2967 1352 3034 manibus.

191 3079 196 3086 '
297 3068 407 3135 Simili
422 3069 521 3136 modo
536 3071 709 3136 civitatem
725 3070 881 3138 Gaietam
893 3079 928 3137 et
943 3071 1092 3136 Fundim
1106 3093 1183 3137 oum
1200 3070 1352 3137 omnibus

296 3194 412 3240 earum
433 3175 657 3261 pertinentiis.
702 3175 845 3263 Insuper
860 3175 1032 3242 offerimus
1055 3174 1117 3241 tibi
1134 3175 1229 3241 beate
1252 3175 1354 3241 Petro

296 3279 446 3364 apostole
462 3279 654 3365 vicarioque
677 3286 737 3345 tuo
760 3280 884 3346 domno
907 3279 1056 3345 Johanni
1077 3300 1162 3365 pape
1178 3287 1213 3345 et
1227 3300 1355 3345 succes·

296 3380 427 3448 sonibus
449 3383 522 3468 ejus
544 3404 605 3470 pro
624 3392 738 3449 nostre
758 3385 869 3450 anime
884 3382 1032 3450 remedio
1046 3385 1220 3469 nostrique
1241 3383 1303 3448 filii
1319 3389 1355 3449 et
1425 3367 1430 3376 ’

296 3492 489 3551 nostrorum
510 3494 690 3574 parentum
712 3486 754 3553 de
781 3488 915 3574 proprio
937 3495 1051 3553 nostro
1073 3510 1177 3576 regno
1199 3488 1354 3553 civitates

296 3594 332 3654 et
346 3588 469 3675 oppida
483 3611 561 3655 oum
578 3591 728 3676 piscariis
743 3592 823 3668 suis,
839 3591 943 3657 idest
962 3592 1111 3670 Reatem,
1128 3592 1354 3669 Amiternum,

297 3692 497 3771 Furconem,
512 3693 680 3771 Nursiam,
696 3695 839 3761 Baluam
861 3703 898 3762 et
920 3697 1059 3762 Marsim
1082 3703 1117 3762 et
1138 3695 1218 3761 alibi
1240 3696 1355 3761 civita·

296 3803 367 3862 tem
404 3798 603 3864 Teramnem
640 3820 719 3864 oum
755 3802 969 3887 pertinentiis
999 3803 1079 3867 suis.
1136 3800 1208 3866 Has
1239 3820 1354 3865 omnes

264 3992 267 3998 .
295 3903 538 3987 suprascriptas
560 3904 745 3989 provintias
768 3905 866 3971 urbes
881 3912 917 3971 et
940 3906 1094 3971 civitates
1113 3903 1236 3991 oppida
1251 3910 1355 3989 atque

296 4005 435 4071 castella
450 4006 579 4073 viculos
595 4027 634 4072 ao
653 4009 822 4074 territoria
836 4009 1006 4094 simulque
1022 4016 1057 4075 et
1078 4007 1281 4096 patrimonia
1294 4027 1355 4099 pro
