3292 4809
298 610 340 676 90
516 627 648 676 snnncr
669 624 877 674 mamm
891 627 1122 676 nocomnnrs.

297 795 464 846 cardinalem
476 799 505 845 et
517 794 657 845 Romanae
669 795 820 845 aecclesiae
832 795 1037 855 cancellarium,
1048 796 1094 845 cul
1102 808 1204 846 nomen
1213 796 1352 858 imposue-

296 882 362 928 runt
374 878 552 943 Alexander.)

341 1001 430 1082 Quia
443 1002 533 1068 sedis
549 1002 752 1087 apostolicae
767 1001 915 1068 turbatio
931 1001 1200 1068 Christianorum
1222 1005 1349 1069 animos

295 1106 477 1172 admodum
499 1108 672 1184 sauciavit,
693 1128 765 1183 nos,
789 1108 849 1192 qui
871 1107 915 1171 ad
936 1107 1117 1173 resecanda
1138 1109 1293 1173 scismata
1315 1117 1351 1174 et

295 1233 411 1297 pacem
436 1212 616 1276 aecclesiae
643 1209 890 1275 reformandam
914 1210 1040 1296 Papiae
1065 1211 1193 1277 fuimus
1215 1230 1351 1299 congre-

294 1317 376 1403 gati,
393 1315 593 1400 qualitatem
608 1335 727 1380 causae
743 1314 948 1400 modumque
963 1317 1093 1403 negotii
1113 1323 1148 1381 et
1165 1318 1251 1381 sacri
1274 1338 1351 1381 con·

295 1420 364 1486 cilii
373 1418 658 1504 dispensationem
667 1419 880 1484 universitati
889 1427 1021 1485 vestrae
1031 1420 1179 1505 plenarie
1190 1420 1348 1486 duximus

293 1522 528 1600 intimandum,
539 1524 709 1608 quatinus,
719 1545 779 1608 per
789 1524 914 1608 scripta
925 1525 1094 1608 presentia
1105 1545 1196 1589 mera
1205 1525 1348 1591 veritate

294 1634 488 1705 monstrata,
504 1626 697 1691 auditorum
712 1626 815 1692 animi
831 1626 1024 1705 falsitatem,
1041 1649 1144 1713 quam
1163 1628 1251 1693 forte
1273 1650 1349 1694 con·

215 1803 218 1808 ,
294 1739 461 1817 ceperant,
476 1731 693 1797 vehementer
710 1730 886 1817 expellant
907 1738 942 1797 et
964 1731 1119 1798 ammodo
1141 1753 1202 1817 per
1223 1733 1348 1818 scripta

293 1836 481 1901 scismatica
495 1857 564 1900 non
585 1834 801 1901 seducantur.
847 1834 936 1899 Cum
957 1836 1063 1922 igitur
1084 1833 1348 1901 orthodoxorum

294 1938 419 2025 Papiae
449 1947 728 2027 congregatorum
758 1939 959 2004 universitas
989 1940 1025 2003 in
1051 1940 1184 2005 nomine
1209 1940 1348 2004 Domini

294 2043 506 2121 consedisset,
533 2065 633 2109 causa
657 2066 718 2130 per
744 2042 763 2109 ἵ
791 2042 863 2108 dies
889 2044 1079 2120 continuos,
1098 2044 1189 2109 omni
1218 2051 1347 2110 remoto

293 2148 437 2214 seculari
451 2147 587 2232 judicio,
602 2147 770 2235 legittime
786 2154 821 2213 et
836 2148 994 2213 canonice
1010 2149 1138 2234 agitata
1152 2169 1190 2213 ac
1209 2147 1348 2235 diligen-

292 2257 347 2317 ter
363 2252 525 2337 inspecta,
541 2250 747 2316 sufficienter
768 2256 804 2316 et
826 2252 985 2316 canonice
1008 2252 1045 2315 in
1067 2259 1251 2337 conspectu
1273 2273 1349 2316 con·

293 2355 363 2421 cilii
374 2377 434 2441 per
444 2361 548 2421 testes
557 2354 694 2420 idoneos
704 2360 757 2421 est
768 2354 1039 2440 comprobatum:
1055 2354 1217 2420 domuum
1227 2376 1348 2440 papam

294 2458 469 2524 Victorem
498 2466 533 2524 et
561 2459 696 2523 nullum
725 2459 831 2523 alium
860 2459 896 2522 in
925 2459 1063 2524 basilica
1088 2459 1180 2525 beati
1206 2458 1302 2525 Petri
1327 2480 1349 2523 a

293 2563 417 2628 saniori
437 2570 531 2648 parte
554 2562 775 2628 cardinalium
796 2563 960 2647 petitione
984 2564 1101 2648 populi
1124 2570 1160 2629 et
1181 2585 1349 2629 consensu

293 2688 332 2732 ac
348 2666 513 2732 desiderio
529 2665 609 2732 cleri
624 2666 728 2731 fuisse
744 2667 891 2731 electum
911 2674 947 2733 et
969 2668 1200 2752 sollempniter
1223 2668 1349 2731 inman-

293 2776 413 2848 tatum,
440 2770 543 2856 quod,
567 2777 723 2856 presente
750 2777 786 2835 et
811 2792 880 2834 non
909 2769 1161 2836 contradicente
1193 2771 1348 2836 Rolando

294 2874 464 2961 quondam
478 2874 690 2952 cancellario,
706 2875 743 2937 in
758 2873 924 2939 kathedra
940 2874 1029 2940 beati
1046 2873 1140 2940 Petri
1158 2874 1262 2941 fuerit
1284 2875 1349 2939 col·

293 2978 434 3056 locatus,
451 2985 486 3043 et
508 2977 601 3063 quod
622 2977 668 3042 ibi
691 2979 722 3044 ei
745 2999 765 3042 a
787 2977 1015 3043 cardinalibus
1038 2986 1073 3044 et
1091 2979 1180 3044 clero
1197 2980 1348 3044 Romano

295 3082 364 3148 ‘Te
388 3083 500 3147 Deum
521 3081 717 3147 laudamus'
737 3083 881 3170 gloriose
906 3082 1131 3160 decantatum,
1148 3090 1184 3147 et
1205 3082 1282 3148 inde
1305 3081 1349 3147 ad

294 3187 457 3273 palatium
484 3208 561 3251 cum
587 3186 704 3252 bandis
731 3193 767 3252 et
792 3187 867 3252 aliis
889 3186 1064 3272 papalibus
1086 3186 1275 3273 insignibus
1297 3194 1350 3252 cst

293 3291 471 3357 deductus.
495 3292 541 3355 Et
551 3292 660 3357 clerus
671 3298 705 3357 et
714 3292 861 3377 populus
870 3291 1056 3355 secundum
1069 3290 1348 3355 consuetudinem

207 3442 210 3448 .
293 3390 521 3477 interrogatus
543 3411 603 3476 per
623 3392 845 3468 scriniarium,
861 3392 890 3456 si
912 3392 1069 3476 placeret,
1089 3392 1196 3458 tribus
1219 3394 1348 3459 vicibus

294 3494 383 3559 clara
409 3516 491 3560 voce
517 3495 708 3581 respondit:
735 3494 894 3560 ‘Placet'
951 3494 1136 3561 Probatum
1163 3505 1214 3561 est
1237 3499 1348 3573 etiam,

296 3597 389 3684 quod
405 3598 578 3664 Rolandus
594 3598 636 3663 12
653 3599 707 3664 die
722 3607 799 3685 post
814 3599 929 3664 domni
944 3599 1094 3666 Victoris
1105 3602 1349 3685 promotionem
1393 3654 1395 3659 .

294 3703 336 3768 ab
347 3702 437 3768 Urbe
449 3724 613 3789 egressus,
624 3702 715 3787 apud
724 3702 928 3780 ,Cisternam
940 3704 976 3767 in
989 3725 1055 3788 qua
1067 3703 1156 3770 Nero
1168 3705 1349 3790 imperator

294 3806 465 3892 quondam
494 3807 536 3872 ab
565 3806 655 3872 Urbe
690 3806 854 3894 profugus
886 3807 1045 3885 latitavit,
1075 3809 1183 3892 primo
1218 3816 1271 3873 est
1301 3809 1351 3873 in·

293 3916 474 3975 mentetua.
519 3909 706 3976 Probatum
736 3917 797 3987 est,
829 3909 922 3995 quod
951 3911 987 3975 in
1016 3912 1165 3978 secundo
1189 3911 1243 3978 die
1272 3919 1350 3998 post

293 4015 537 4101 promotionem
562 4011 677 4079 domni
699 4013 849 4080 Victoris
872 4012 1057 4094 Rolandus,
1079 4015 1307 4105 interrogatus
1330 4038 1351 4083 a
