3292 4809
313 584 378 651 132
534 601 668 653 amnon
690 605 899 658 rmnrmvnn
920 610 1149 661 nocuumrrs,

313 772 517 850 constitutis,
533 793 611 838 eum
626 774 734 839 multa
749 796 810 842 uos
827 776 868 842 de
885 799 925 844 eo
940 786 975 845 et
998 780 1148 848 Ecclesie
1171 788 1207 848 et
1229 783 1371 871 imperio

312 875 522 943 inevitabilia
536 898 575 943 ac
598 877 702 944 ardua
724 882 861 968 negotia
882 890 995 969 preter
1016 885 1224 953 infirmitatis
1247 888 1373 954 incom-

313 979 413 1045 moda
427 979 639 1047 detinebant:
664 1005 809 1070 quorum
825 988 972 1073 primum
993 987 1063 1056 fuit
1085 991 1263 1058 rebellium
1285 994 1373 1066 siou-

312 1083 423 1149 lorum
451 1085 648 1164 insolentia3
686 1109 749 1155 neo
779 1090 959 1157 videbatur
988 1094 1083 1160 nobis
1114 1116 1235 1162 sanum
1265 1096 1371 1165 fuisse

313 1190 492 1258 consilium
519 1190 590 1279 [et]
617 1194 799 1279 expediens
825 1197 1065 1265 christianitati
1092 1222 1154 1266 nos
1180 1202 1216 1265 in
1245 1208 1373 1268 terram

313 1302 463 1361 sanctam
487 1297 643 1364 transisse
665 1298 792 1365 bellum
818 1302 1018 1368 intestinum
1040 1312 1118 1391 post
1147 1313 1244 1394 terga
1272 1306 1373 1372 relin·
1437 1376 1439 1379 ,

314 1407 467 1488 quentea,
482 1402 573 1469 sicut
593 1425 656 1470 neo
678 1404 818 1484 medico,
839 1406 928 1473 ferro
950 1408 1055 1474 infixo
1078 1409 1224 1488 vulneri,
1246 1408 1396 1500 fomen-v

314 1513 389 1572 tum
403 1505 560 1573 adhibere
577 1508 752 1576 medicine.
777 1558 786 1575 .
810 1559 819 1575 .
843 1559 852 1576 .

359 1610 431 1674 “In
446 1613 659 1679 conclusione
681 1636 816 1701 quoque
840 1615 976 1682 demum
998 1619 1081 1684 baec
1104 1619 1238 1705 adjecit,
1255 1619 1373 1684 exhor·

314 1721 391 1781 tans
420 1714 508 1781 orbis
537 1718 705 1804 principes
734 1721 909 1788 universos
939 1729 980 1788 ut
1010 1729 1127 1787 contra
1153 1728 1284 1787 tantam
1307 1722 1372 1788 sibi

315 1819 522 1907 prospiciant
536 1822 711 1888 avaritiam
726 1830 762 1889 et
776 1825 992 1911 iniquitatem
1008 1826 1107 1912 quia:

360 1930 381 1963 ‘⁶
390 1922 488 1991 Tunc
503 1931 565 1991 tua
578 1947 632 1993 res
647 1928 761 2015 agitur
773 1929 883 2017 paries
899 1950 977 1995 cum
991 1931 1166 2018 proximus
1181 1928 1313 1997 ardet.”

765 2180 905 2211 -000-

470 2368 546 2433 rim
571 2369 690 2435 Prior
717 2370 762 2434 OF
789 2371 863 2434 sir
887 2371 1066 2435 eramo
1098 2372 1215 2456 (uso).

408 2529 534 2594 [Regestis
546 2532 662 2593 Gregorii
669 2547 676 2593 ;
692 2533 728 2581 Μ.
740 2533 770 2582 G.
779 2534 821 2591 H,
832 2534 881 2581 LL
891 2534 923 2581 11.
933 2536 1043 2583 meato.
1069 2534 1152 2593 H.-B.,
1162 2532 1283 2596 idi-m]

364 2670 480 2737 [chron.
502 2673 596 2735 ursp,
615 2686 658 2724 an.
679 2674 758 2723 1229:
784 2673 868 2725 Omni
886 2676 1020 2735 tempore,
1041 2674 1172 2735 quamdiu
1192 2672 1376 2725 denuntiabat

317 2768 381 2807 eum
392 2768 465 2817 papa
476 2756 757 2815 excommunicatum,
769 2756 935 2807 beneficium
952 2756 1139 2806 absolutionis
1156 2756 1324 2807 humiliter.
1342 2792 1349 2806 .
1368 2792 1375 2805 .

318 2839 481 2901 postulavit.
516 2838 606 2901 snper
623 2839 715 2889 causis
733 2852 811 2897 vero,
827 2851 897 2900 quae
914 2838 989 2889 inter
1007 2839 1100 2900 ipsum
1119 2843 1148 2890 et
1166 2851 1267 2900 papam
1285 2842 1376 2889 verte·

318 2923 430 2980 bantur,
448 2922 615 2972 diffiniendis
632 2922 782 2973 advocavit
798 2922 940 2983 principes
958 2921 1139 2980 Alemanniae‚
1152 2925 1185 2971 ut
1202 2922 1330 2971 venirent
1346 2921 1377 2971 in

319 3005 438 3065 Italiam
452 3006 754 3075 videlicetpatriaroha
762 3004 980 3068 aquilegiensis,
993 3004 1222 3066 archiepiscopus
1239 3003 1377 3055 salisbur-

319 3089 423 3154 gensis,
446 3089 595 3151 episcopus
614 3089 838 3151 Ratisponensis,
860 3087 1020 3149 Leopoidus
1040 3088 1098 3137 dux
1116 3088 1248 3137 nustriae
1267 3090 1296 3137 et
1318 3086 1377 3136 dux

319 3172 476 3224 Dalmatiae
488 3176 517 3222 et
534 3173 667 3223 Histriae.
706 3172 813 3234 Quibus
832 3170 1045 3221 advenientibus
1063 3170 1232 3231 imperatore
1247 3172 1378 3219 manente

319 3257 393 3319 apud
410 3255 534 3318 Capuam
550 3260 703 3307 tractatum
714 3260 758 3306 est
774 3256 808 3306 de
821 3268 889 3317 pace
902 3258 931 3304 et
943 3253 1094 3304 concordia
1106 3252 1180 3302 inter
1190 3251 1337 3313 imperium
1349 3255 1379 3301 et

320 3340 508 3392 sacerdotium
517 3344 546 3391 et
554 3352 671 3403 regnum
684 3340 795 3391 Siciliae
807 3342 837 3390 et
848 3338 882 3388 de
894 3335 1071 3388 absolutione
1084 3334 1272 3396 imperatoris,
1280 3333 1378 3383 multis

320 3424 383 3474 aliis
395 3423 582 3474 mediantibus
596 3427 654 3473 tam
669 3422 704 3473 de
722 3422 799 3472 ouria
815 3422 950 3478 Romana,
964 3431 1048 3480 quam
1066 3417 1151 3468 etiam
1168 3416 1252 3466 Italia
1268 3419 1298 3466 et
1314 3415 1390 3491 iile·¹

320 3506 439 3557 mannia.
473 3505 546 3557 Sane
564 3505 634 3556 baec
654 3504 822 3566 compositio
843 3515 906 3553 eum
926 3515 983 3553 nou
1003 3503 1102 3564 posset
1121 3498 1220 3562 perfici
1239 3511 1274 3550 eo
1294 3510 1378 3558 anno,
1445 3553 1447 3557 ,

320 3588 408 3640 dilata
418 3591 463 3639 est
474 3587 603 3650 usquein
615 3599 718 3639 annum
730 3585 914 3651 sequentem]

838 3772 866 3839 1.

294 3906 300 3921 ⁸
369 3914 499 4005 [Juiy]
533 3915 723 3984 Friderious
741 3913 808 3980 Dei
823 3912 933 4001 gratia
953 3912 1182 3978 Romanorum
1197 3909 1382 3995 imperator

321 4041 452 4108 semper
466 4026 633 4114 augustus
657 4016 846 4085 Jerusalem
860 4023 896 4082 et
911 4013 1025 4081 Sicilie
1040 4035 1112 4081 rex.
1156 4010 1287 4077 Notum
1301 4010 1380 4077 iaci·
