3292 4809
536 598 610 645 mn
631 596 934 646 Ronmanorum
955 597 1101 645 rumen.
1281 579 1345 643 119

295 765 482 846 Mathildis,
495 768 673 832 comitatus
689 766 896 844 Brittenorii‚
912 788 990 831 cum
1005 763 1235 851 adjacentibus
1250 764 1348 829 terris

295 872 459 957 expressis
482 872 519 935 in
541 871 658 935 multis
679 871 867 958 privilegiis
889 871 1130 955 imperatorum
1152 890 1172 933 a
1197 876 1347 954 tempore

298 974 475 1041 Ludovici.
514 975 587 1041 Has
599 996 714 1040 omnes
724 996 786 1059 pro
797 995 896 1059 posse
907 994 981 1038 meo
993 975 1174 1040 restituam
1186 979 1221 1038 et
1234 972 1349 1057 quiete

296 1075 464 1141 dimittam
486 1097 564 1140 cum
587 1075 679 1139 omni
707 1074 952 1161 jmisdictione,
976 1073 1132 1140 districtu
1159 1081 1194 1140 et
1222 1075 1348 1141 honore

294 1201 365 1245 suo.
411 1178 655 1245 Verumtamen
673 1200 751 1244 cum
769 1178 812 1244 ad
830 1178 1056 1264 recipiendam
1071 1199 1227 1244 coronam
1249 1180 1349 1265 impe·

294 1286 336 1349 rii
360 1285 416 1351 vel
441 1305 501 1371 pro
525 1283 781 1350 necessitatibus
808 1283 959 1349 Ecclesia
983 1282 1026 1348 ab
1049 1282 1246 1369 Apostolica
1270 1283 1350 1349 Sodi

294 1396 435 1454 vocatus
450 1409 629 1465 accessero,
642 1387 683 1453 de
697 1386 855 1452 mandato
870 1387 992 1453 summi
1006 1387 1173 1472 pontificis
1187 1388 1349 1474 accipiam

294 1492 561 1578 procurationem
575 1491 618 1557 ab
632 1491 690 1556 eis.
724 1491 875 1578 Adjutor
888 1492 990 1556 etiam
1004 1512 1061 1556 ero
1076 1491 1120 1555 ad
1134 1492 1350 1557 retinendum

296 1604 331 1663 et
346 1594 598 1663 defendendum
614 1595 764 1661 Ecclesie
780 1596 930 1661 Romane
945 1617 1088 1683 regnum
1103 1594 1227 1662 Sicilie.
1272 1596 1350 1662 Tibi

296 1700 398 1766 etiam
412 1698 548 1765 domino
563 1720 637 1764 meo
652 1699 853 1766 Innocentio
868 1720 953 1785 pape
969 1707 1005 1764 et
1019 1699 1265 1765 successoribus
1281 1701 1349 1766 tuis

295 1825 429 1871 omnem
444 1803 671 1869 obedientiam
693 1810 729 1869 et
750 1803 1038 1869 honorificentiam
1058 1803 1231 1881 exhibeb0‚
1247 1824 1349 1889 quam

296 1906 410 1973 devoti
428 1915 464 1974 et
477 1896 638 1973 catholici
657 1908 874 1993 imperatores
896 1915 1144 1974 consueverunt
1166 1906 1246 1973 Sedi
1261 1907 1351 1993 Apo

296 2012 414 2077 stolice
436 2010 612 2088 exhibere,
635 2019 671 2077 et
692 2012 722 2076 si
744 2018 881 2098 propter
902 2011 1077 2098 negotium
1099 2032 1211 2077 meum
1233 2012 1351 2077 Roma·

295 2137 375 2181 nam
391 2115 576 2181 Ecclesiam
588 2116 776 2201 oportuerit
789 2116 960 2181 incurrere
974 2135 1141 2202 guerram,
1153 2114 1350 2181 subveniam

297 2220 329 2287 ei
343 2219 435 2285 sicut
448 2218 628 2285 necessitas
643 2220 868 2304 postulaverit
881 2220 918 2284 in
933 2220 1099 2305 expensis.
1131 2218 1255 2284 Omnia
1269 2241 1350 2286 vero

296 2323 448 2409 predicta
462 2330 532 2388 tam
553 2322 743 2409 juramento
759 2345 862 2409 quam
883 2324 1009 2409 scripto
1031 2322 1178 2401 firmab0,
1194 2344 1271 2389 cum
1292 2324 1351 2387 im-

296 2428 382 2514 perii
397 2426 494 2493 fuero
511 2448 667 2493 coronam
682 2427 835 2513 adeptus.

342 2530 514 2617 Principes
529 2539 644 2597 autem
658 2532 789 2617 imperii
805 2540 841 2598 et
854 2532 983 2598 nobiles
999 2532 1121 2617 quibus
1138 2531 1351 2617 presentibus

296 2635 416 2722 juravi,
428 2635 464 2700 hi
475 2643 572 2712 sunt3
588 2634 794 2702 Evirhardus
807 2636 1060 2724 salzburgensis
1072 2636 1350 2722 archiepiscopus,
1404 2663 1408 2670 ¹

297 2731 465 2805 Berardus
480 2739 638 2805 Berensis
654 2741 930 2826 archiepiscopus,
947 2741 1152 2831 Mangoldus
1175 2740 1352 2806 Patavien·

296 2844 342 2909 sis
372 2844 559 2930 episcopus,
590 2844 819 2931 Engilhardus
849 2843 1138 2933 Nuemburgensis
1164 2844 1350 2930 episcopus,

297 2947 473 3014 Comedus
503 2947 666 3013 Metensis
695 2955 732 3013 et
761 2947 926 3034 Spirensis
956 2950 1143 3035 episcopus,
1170 2949 1351 3033 imperialis

296 3058 375 3117 ante
405 3052 634 3130 cancellarius,
662 3051 860 3138 Luppoldus
891 3052 962 3117 dux
989 3053 1129 3119 Austrie
1161 3060 1196 3117 et
1226 3051 1350 3139 Styrie,

298 3153 500 3221 Ludowicus
518 3155 590 3220 dux
613 3155 765 3234 Bavarie,
781 3178 892 3222 comes
908 3156 1071 3223 Albertus
1094 3156 1136 3223 de
1159 3156 1350 3234 Ewirstein,

297 3258 467 3325 Henricus
496 3259 743 3325 mareschalcus
774 3259 815 3326 de
847 3259 1041 3339 Callindun,
1070 3260 1251 3326 Gualterus
1281 3260 1352 3346 pin·

296 3384 405 3429 cerna.

340 3467 469 3533 Actum
490 3467 527 3531 in
547 3469 677 3554 capella
698 3469 735 3533 in
752 3477 861 3536 castro
884 3469 982 3557 Egra,
1004 3491 1092 3535 anno
1115 3468 1280 3536 dominice
1303 3468 1352 3533 in·

296 3571 498 3637 carnationis
514 3571 717 3638 MOOXIII.
733 3572 787 3639 IV
803 3573 886 3638 Idus
899 3574 986 3659 julii,
1001 3573 1195 3639 indictionis
1210 3572 1330 3658 prime.
