3292 4809
392 649 434 715 16
609 666 743 717 smucr
764 626 972 716 1111111111,
997 668 1228 717 1111111111.

288 882 291 888 -
390 836 546 921 populus,
563 835 699 921 quodsi
721 836 757 902 in
772 835 957 903 offensione
972 858 1034 902 sua
1049 844 1166 903 contra
1181 836 1322 903 eandem
1336 838 1447 925 legem

390 938 542 1018 fecerint,
558 938 666 1007 eidem
688 940 756 1028 legi
780 963 882 1027 quam
897 941 1099 1026 profitentur
1117 962 1179 1027 per
1192 940 1448 1027 dispositionem

390 1044 557 1129 pontificis
572 1065 611 1110 ac
625 1052 775 1110 nostram
790 1043 1020 1130 subjacebunt.

434 1147 466 1211 6.
488 1146 541 1212 Ι)1
557 1147 654 1213 rebus
675 1137 892 1215 ecclesiarum
912 1149 1039 1234 injuste
1054 1149 1180 1215 invasis
1195 1148 1260 1214 sub
1274 1150 1448 1215 occasione

390 1251 487 1336 quasi
501 1251 637 1318 licentia
652 1260 790 1338 accepta
804 1274 824 1318 a
839 1253 1008 1337 pontifice,
1021 1260 1056 1319 11
1070 1252 1112 1319 (11
1127 1252 1181 1318 bis
1196 1274 1283 1338 quae
1300 1252 1448 1319 necdum

392 1355 546 1423 'redditae
560 1363 642 1421 sunt
657 1363 693 1423 et
707 1364 822 1423 tamen
837 1356 978 1421 1111111
993 1342 1121 1441 injuste
1142 1376 1163 1420 a
1181 1363 1350 1442 potestate
1369 1377 1450 1443 pon·

391 1455 521 1522 tificum
550 1457 676 1536 invase,
706 1457 863 1524 volumus
895 1465 935 1523 ut
963 1480 1025 1545 per
1054 1460 1172 1525 missos
1203 1467 1334 1527 nostros
1364 1461 1450 1527 fiant

391 1559 595 1627 emendatae.

430 1662 466 1747 J.
489 1664 709 1731 Prohibemus
724 1672 765 1731 ut
780 1665 1055 1752 depraedationes
1070 1668 1160 1733 inter
1174 1668 1319 1733 confinia
1334 1675 1449 1733 nostra

390 1770 481 1834 11111
495 1791 564 1835 non
579 1769 673 1848 fiant,
689 1778 724 1836 11
738 1791 826 1856 quae
841 1770 950 1835 factae
965 1778 1056 1848 sunt,
1071 1771 1259 1837 secundum
1279 1772 1390 1858 legem
1406 1772 1449 1838 de

390 1874 546 1960 utrisque
567 1873 719 1960 partibus
735 1874 927 1939 ordinemus
947 1881 987 1939 ut
1008 1875 1239 1941 emendentur.
1285 1874 1450 1941 Similiter

391 1978 559 2056 volumus,
570 1985 611 2043 ut
626 1985 755 2045 1111111
770 1979 957 2064 injustitiae
974 1978 1015 2045 de
1031 1979 1184 2065 utrisque
1200 1978 1352 2066 partibus
1364 1979 1449 2046 fiant

392 2082 598 2149 emendatae.

435 2186 465 2251 8.
489 2186 625 2253 Placuit
640 2185 746 2265 nobis,
761 2193 802 2252 ut
817 2187 933 2252 cuncti
954 2186 1083 2272 judices
1097 2188 1169 2253 sive
1183 2187 1220 2251 hi
1241 2188 1301 2273 qui
1316 2189 1447 2254 cunctis
1484 2181 1487 2185 ’

390 2312 540 2377 praeesse
556 2290 691 2368 debent,
707 2312 767 2377 per
782 2312 867 2376 quos
882 2290 1057 2376 judiciaria
1071 2298 1219 2376 potestas
1235 2292 1272 2355 in
1285 2290 1347 2356 hac
1364 2291 1447 2357 urbe

391 2395 541 2461 Romana
556 2396 611 2482 agi
627 2393 761 2472 debent,
773 2396 809 2459 in
825 2395 1013 2480 praesentia
1029 2402 1143 2461 nostra
1154 2396 1312 2470 veniant3
1335 2394 1449 2460 volen-

389 2506 441 2565 tes
456 2520 634 2564 numerum
654 2505 690 2563 et
712 2499 849 2563 nomina
864 2519 981 2563 eorum
999 2507 1040 2580 yet
1063 2500 1157 2576 scire,
1181 2506 1216 2564 et
1239 2498 1384 2585 singulis
1405 2497 1447 2564 de
1484 2501 1489 2508 ’

389 2603 574 2669 ministerio
589 2602 652 2668 sibi
667 2602 796 2668 credito
810 2601 1076 2668 admonitionem
1090 2602 1210 2668 facere.

434 2706 464 2771 9.
487 2705 677 2773 Novissime
700 2706 930 2785 admoneatur,
947 2714 987 2772 ut
1008 2708 1116 2771 omnis
1138 2706 1249 2784 homo,
1269 2706 1359 2770 sicut
1381 2704 1448 2769 Dei

386 2810 532 2899 'gratiam
558 2817 593 2876 et
618 2817 766 2875 nostram
791 2808 913 2876 habere
943 2808 1131 2885 desiderat3
1161 2810 1210 2874 ita
1235 2815 1382 2893 praestet
1411 2809 1453 2871 in·
1503 2854 1508 2864 .

389 2912 544 2980 omnibus
559 2912 807 2981 oboedientiam
822 2920 925 2999 atque
940 2914 1162 2989 reverentiam
1184 2912 1263 2978 huic
1285 2911 1448 2997 pontifici.

671 3076 920 3154 Sacramentum
934 3086 1167 3152 Romanorum.

433 3225 601 3292 Promitte
616 3247 679 3313 ego
693 3226 752 3291 ille
767 3247 827 3317 per
843 3224 955 3290 Deum
970 3224 1245 3309 omnipotentem,
1261 3231 1296 3289 et
1311 3246 1370 3309 per
1384 3224 1449 3289 ista

388 3352 481 3396 sacra
512 3337 657 3415 quatuor
684 3326 870 3417 euangelia,
898 3335 933 3394 et
962 3328 1133 3414 perhanc
1161 3348 1294 3392 crucem
1321 3327 1449 3391 domini

389 3435 497 3500 nostri
519 3434 598 3499 Iesu
621 3433 758 3512 Christi,
774 3441 810 3499 11
831 3454 1027 3519 percorpus
1048 3431 1231 3503 beatissimi
1253 3430 1346 3495 Petri
1362 3431 1451 3514 prin-

389 3540 473 3624 cipis
499 3539 736 3624 apostolorum,
754 3536 846 3623 quod
872 3538 914 3603 ab
939 3537 1002 3601 bae
1025 3535 1079 3600 die
1104 3536 1139 3598 in
1162 3532 1319 3598 futurum
1339 3532 1449 3597 fidelis

390 3664 447 3709 ero
472 3642 618 3709 dominis
643 3644 765 3708 nostris
792 3641 1046 3727 imperatoribus
1077 3637 1281 3702 Hludowico
1308 3643 1344 3702 et
1368 3636 1451 3700 Hlo
1508 3718 1510 3722 .

389 3731 499 3813 tbario
529 3747 648 3813 diebus
675 3747 765 3813 vitae
797 3768 900 3824 meae,
930 3747 1029 3831 juxta
1054 3744 1142 3809 vires
1172 3748 1208 3806 et
1237 3742 1450 3804 intellectum

390 3871 513 3929 meum,
528 3851 600 3917 sine
624 3849 744 3916 fraude
760 3857 862 3935 atque
878 3851 966 3914 malo
989 3847 1136 3934 ingenie,
1151 3844 1245 3910 salva
1266 3843 1331 3907 fide
1347 3863 1451 3926 quam

390 3955 563 4039 repromisi
587 3953 712 4020 domno
737 3953 941 4040 apostolico;
974 3958 1009 4017 et
1033 3948 1126 4036 quod
1149 3969 1218 4012 non
1242 3945 1451 4011 consentiam

390 4064 431 4123 ut
445 4057 544 4123 aliter
559 4058 596 4123 in
611 4058 674 4124 hac
697 4057 776 4123 sede
800 4056 952 4121 Romana
973 4053 1032 4119 fiat
1055 4051 1177 4118 electio
1199 4049 1367 4135 pontificis
1383 4048 1451 4113 nisi
