3292 4809
317 588 382 654 148
539 600 672 649 sanncr
693 598 903 649 unorum
923 598 1155 649 nocuumrs.

316 771 454 859 ligiosos
470 775 505 836 et
518 768 685 835 seculares
699 767 876 835 venientes
898 765 942 832 ad
964 766 1146 833 concilium
1167 764 1262 854 quod
1283 767 1374 836 idem

316 873 530 963 predecessor
556 871 702 938 duxerat
723 870 1001 948 convocandum
1032 869 1075 937 de
1100 871 1210 937 heresi
1236 893 1375 959 quoqne

316 1000 384 1045 non
411 976 522 1044 dubiis
552 983 588 1043 et
613 976 757 1054 levibus,
782 974 845 1041 sed
874 973 1067 1041 difficilibus
1096 982 1133 1041 et
1160 974 1375 1044 evidentibus

316 1082 523 1170 argumentis
539 1088 716 1167 suspectus
732 1078 885 1145 habetur.
930 1078 1084 1145 Plurima
1098 1079 1127 1145 si
1142 1078 1281 1166 quidem
1294 1100 1375 1146 eum

315 1187 490 1253 commisse
506 1184 652 1271 perjuria
666 1184 855 1270 satispatet.
900 1180 987 1248 Nam
1003 1183 1083 1248 olim
1101 1203 1180 1248 cum
1201 1183 1238 1248 in
1258 1181 1374 1251 Sicilie

315 1290 466 1377 partibus
481 1287 684 1367 morabatur,
696 1289 790 1375 prius
805 1308 908 1374 quam
923 1294 1012 1354 esset
1026 1286 1070 1353 ad
1084 1287 1216 1374 imperii
1230 1285 1375 1375 dignite-

315 1402 386 1461 tem
407 1394 546 1473 electus,
570 1414 682 1460 coram
703 1392 790 1459 bone
812 1392 970 1458 memorie
995 1388 1038 1457 G.
1061 1388 1179 1458 Sancti
1204 1390 1374 1459 Theodori

315 1497 456 1565 diacono
474 1496 647 1575 cardinali,
663 1496 862 1584 Apostolice
884 1494 982 1562 Sedis
999 1497 1123 1585 legato,
1138 1495 1248 1563 felicis
1269 1516 1375 1563 recor·

315 1602 461 1669 dationis
477 1602 675 1669 Innocentio
690 1621 776 1688 pape
795 1598 1028 1686 predecessore
1050 1606 1166 1666 nostro
1188 1606 1225 1667 et
1244 1621 1375 1668 succes·

315 1706 445 1773 sorIbus
461 1707 534 1794 ejus
550 1705 770 1792 Ecclesiequa
787 1705 937 1772 Romane
960 1727 1021 1791 pro
1042 1703 1255 1772 concessione
1276 1706 1374 1794 regni

316 1810 431 1877 Sicilie
448 1809 491 1877 ab
512 1809 629 1876 eadem
652 1809 804 1876 Ecclesia
826 1808 890 1875 sibi
912 1807 1013 1887 facta,
1028 1808 1202 1875 fidelitatis
1223 1798 1375 1896 prestitit

314 1915 551 2002 juramentum,
561 1922 597 1981 et
605 1914 695 1981 sicut
706 1912 842 1991 dicitur,
852 1913 940 1979 illud
948 1912 1049 1991 idem,
1057 1911 1289 2000 postquamad
1297 1934 1375 1981 ean·

316 2019 393 2086 dem
407 2018 609 2107 dignitatem
624 2018 753 2084 electus
769 2018 887 2084 extitit
898 2025 935 2084 et
945 2017 1042 2084 venit
1056 2016 1100 2083 ad
1112 2016 1249 2096 Urbem,
1260 2038 1374 2084 coram

315 2121 433 2191 eodem
448 2122 649 2189 Innocentio
664 2122 734 2188 suis
750 2143 817 2208 que
829 2120 990 2188 fratribus
1005 2120 1233 2188 cardinalibus
1247 2128 1284 2189 et
1297 2122 1373 2190 aliis

316 2227 431 2294 multis
443 2226 654 2314 presentibus
667 2226 787 2314 ligium
799 2225 987 2292 hominium
998 2225 1035 2290 in
1047 2226 1120 2313 ejus
1131 2225 1259 2293 faciens
1270 2227 1374 2293 mani·

316 2331 377 2398 bus
399 2331 585 2399 innovavit.
633 2327 766 2396 Deinde
788 2352 867 2397 cum
890 2330 926 2395 in
947 2330 1128 2396 Alamania
1149 2338 1249 2411 esset,
1264 2331 1373 2399 eidem

316 2435 515 2501 Innocentio
527 2441 563 2501 et
574 2435 646 2521 ipso
658 2433 932 2512 defuncto,bone
944 2435 1102 2502 memorie
1118 2435 1272 2503 Honorio
1286 2458 1373 2523 pape
1452 2437 1455 2444 '

315 2537 538 2627 predecessori
553 2546 667 2605 nostro
683 2538 806 2625 atejus
821 2538 1069 2605 successoribus
1083 2560 1122 2606 ac
1136 2540 1202 2627 ipsi
1222 2539 1372 2608 Ecclesia

316 2644 475 2720 Romane,
500 2641 712 2728 presentibus
738 2642 872 2728 imperii
897 2643 1105 2730 principibus
1130 2652 1233 2731 atqua
1256 2644 1374 2711 nobili-

315 2747 388 2824 bus,
403 2747 530 2834 juravit
552 2745 706 2824 honores,
721 2745 797 2832 jura
819 2752 857 2813 et
877 2748 1104 2833 possessiones
1124 2749 1274 2816 Romane
1293 2748 1375 2837 [Ec-

315 2851 433 2939 clesie]
451 2872 623 2937 proposse
638 2871 701 2916 suo
719 2872 853 2917 servare
875 2872 914 2916 ac
937 2859 1114 2939 protegere
1136 2852 1224 2919 bona
1244 2852 1321 2932 fide,
1337 2861 1374 2921 et

315 2955 554 3042 quodcumque
578 2954 621 3020 ad
643 2975 762 3021 manus
781 2976 859 3021 suas
879 2956 1070 3042 pervenerit
1083 2956 1156 3022 sina
1172 2956 1373 3025 difficultate

315 3066 511 3146 procuraret
524 3059 713 3136 restituere,
730 3058 911 3126 nominatis
927 3060 1112 3146 expressim
1127 3061 1227 3129 dictis
1247 3083 1374 3149 posses·

315 3163 465 3230 sionibus
481 3163 517 3229 in
532 3162 726 3250 hujusmodi
743 3163 943 3250 juramento,
959 3163 1053 3251 quod
1067 3165 1283 3252 postmodum
1297 3188 1374 3233 con·

315 3267 464 3334 firmavit
474 3288 632 3356 coronam
644 3268 775 3354 imperii
789 3268 858 3355 jam
869 3267 1023 3355 adeptus.
1053 3267 1122 3336 Sed
1136 3269 1258 3336 horum
1268 3270 1373 3337 trium

314 3372 579 3459 juramentorum
595 3372 754 3438 temerius
777 3372 900 3438 extitit·
910 3372 1064 3452 violator,
1079 3395 1147 3440 non
1169 3375 1242 3442 sine
1263 3374 1374 3462 prodi·

315 3476 417 3542 tionis
432 3483 513 3542 nota
529 3482 565 3542 et
579 3476 649 3542 lese
665 3476 803 3542 crimine
818 3475 1012 3563 majestatis.
1058 3475 1147 3544 Nam
1164 3485 1282 3545 contra
1303 3500 1374 3566 pre-

315 3578 425 3647 fatum
440 3579 710 3666 predecessorem
726 3579 929 3667 Gregorium
944 3587 980 3647 et
994 3579 1116 3648 fratros
1137 3602 1217 3649 suos
1240 3584 1374 3649 commi-

315 3685 462 3750 natorias
489 3684 620 3750 litteras
648 3681 773 3748 eisdem
800 3681 961 3748 fratribus
987 3681 1156 3752 destinare
1180 3706 1219 3752 ac
1242 3684 1374 3752 dictum

316 3787 518 3876 Gregorium
542 3785 634 3873 apud
655 3785 776 3852 fratres
798 3807 887 3864 suos,
903 3786 993 3853 sicut
1010 3794 1150 3874 apparet
1168 3810 1229 3875 per
1241 3788 1373 3863 litteras

315 3891 358 3958 ab
373 3892 490 3958 eodem
506 3899 589 3957 tunc
604 3889 748 3955 directas
764 3887 900 3965 eisdem,
913 3895 949 3956 et
959 3890 1062 3956 etiam
1076 3899 1179 3977 prout
1192 3892 1302 3959 fertur
1312 3916 1374 3981 per
1397 3928 1400 3933 ·

315 3996 514 4063 universum
530 3993 601 4071 fere
619 3993 734 4060 orbem
754 3999 932 4071 terrarum,
947 3994 1184 4090 multipliciter
1197 3994 1373 4066 diffamare
