3292 4809
531 586 606 633 nnn
628 586 929 635 nouuusrsuruu
951 588 1100 637 remon.
1232 546 1236 551 ⁸
1281 570 1346 637 117

290 752 424 818 fodrum
435 753 477 819 ab
488 753 567 818 illis.
613 751 797 839 Adjutores
810 755 913 819 etiam
925 756 1049 821 erimus
1061 754 1106 820 ad
1116 754 1345 821 rettinendum
1471 744 1473 747 ’

288 865 324 922 et
340 856 591 922 defendendum
608 858 777 923 Romanae
794 860 973 924 aecclesiae
989 881 1132 947 regnum
1147 857 1292 945 Syciliae
1307 880 1346 923 ac

290 969 401 1027 cetera
415 962 490 1047 jura
512 982 599 1046 quae
622 961 665 1025 ad
687 963 793 1047 ipsam
815 964 983 1047 pertinere
1007 963 1241 1040 dinoscuntur,
1264 970 1347 1027 tam-

290 1087 392 1151 quam
407 1064 550 1130 devotus
567 1065 666 1143 filius,
683 1073 718 1130 et
740 1066 926 1132 catholicus
947 1068 1113 1154 princepe.
1160 1066 1210 1131 Ut
1232 1074 1346 1132 autem

288 1169 371 1234 haec
402 1170 514 1233 omnia
540 1169 634 1235 vobis
664 1179 849 1234 memorato
875 1172 1086 1236 sanctissimo
1112 1171 1201 1257 patri
1231 1179 1345 1235 nostro

290 1272 425 1338 domino
456 1273 666 1352 Innocentio,
697 1283 928 1340 sacrosanctae
960 1276 1131 1340 Romanae
1165 1275 1345 1340 aecclesiae

289 1398 419 1441 summo
448 1377 612 1463 pontifici,
639 1379 828 1463 vestrisque
859 1380 1105 1444 successoribus
1135 1402 1195 1464 per
1221 1401 1244 1442 n
1311 1386 1346 1444 et

289 1489 419 1546 nostros
449 1503 657 1547 successores
687 1483 914 1547 Romanorum
945 1505 1039 1569 reges
1070 1491 1105 1547 et
1130 1400 1345 1568 imperaiores

289 1584 517 1664 observentur,
544 1585 705 1671 firmaque
733 1593 768 1651 et
793 1586 993 1652 inconvulsa
1021 1608 1153 1671 semper
1178 1608 1347 1672 permane-

289 1695 358 1765 ant,
374 1710 510 1774 presens
525 1690 741 1776 privilegium
756 1691 985 1776 conscriptum
1005 1692 1190 1777 majestatis
1213 1698 1344 1756 nostrae

289 1813 390 1857 aurea
404 1793 498 1858 bulla
512 1795 669 1880 jussimus
685 1795 895 1859 communiri.
934 1794 1053 1860 Testes
1066 1802 1181 1860 autem
1192 1794 1240 1857 hii
1252 1802 1344 1859 sunt.

290 1894 477 1983 Sigeiridus
502 1897 725 1986 Maguntinae
752 1899 841 1964 sedis
871 1900 1115 1985 arciepiscopus
1141 1890 1344 1984 apostolicae

289 2000 377 2065 sedis
392 2002 534 2090 legatus.
580 2002 792 2068 Eberhardus
810 2001 1064 2090 salzburgensis
1087 2003 1344 2088 arciepiscopus,

290 2104 460 2171 Berardus
487 2106 644 2172 Berensis
667 2108 921 2192 arciepiscopus,
946 2106 1170 2171 Ohuonradus
1194 2107 1346 2191 Ratispo

289 2210 401 2275 nensis
418 2210 603 2296 episcopus,
618 2209 702 2275 Otto
715 2210 1022 2298 Wirzinburgensis
1034 2211 1219 2296 episcopus
1232 2210 1346 2275 Mane-

289 2313 412 2401 goldus
446 2312 673 2379 Pattaviansis
703 2315 889 2399 episcopus,
921 2313 1158 2400 Engelhardus
1198 2313 1364 2379 Zizensis'

290 2419 475 2504 episcopus.
537 2418 698 2484 Odacrias
732 2418 935 2483 Boemorum
965 2440 1034 2495 rex,
1065 2416 1243 2483 Lodwicus
1273 2417 1344 2482 dux

291 2522 473 2601 Bawariae,
490 2521 677 2608 Liupoldus
693 2522 763 2586 dux
787 2523 947 2587 Austriae
970 2529 1006 2587 et
1029 2520 1170 2608 Styriae,
1183 2522 1346 2587 Herman-

289 2648 353 2691 nus
377 2626 589 2712 lantgravius
614 2626 835 2713 Thuringiae,
858 2647 969 2692 comes
992 2626 1155 2691 Albertus
1179 2625 1221 2691 de
1244 2626 1346 2692 Eber-

289 2731 386 2807 stein,
401 2751 511 2796 comes
527 2729 676 2795 Adolfus
699 2729 740 2795 de
764 2728 979 2807 Sowenburc,
995 2750 1104 2794 comes
1127 2729 1344 2794 Burchardus

290 2832 331 2899 de
347 2832 578 2911 Mannesveld‚
595 2856 704 2899 comes
721 2833 914 2898 Gerhardus
936 2834 977 2899 de
1001 2833 1108 2911 Diets‚
1124 2855 1234 2898 comes
1257 2832 1346 2898 Lud-

290 2938 394 3003 wicus
411 2937 452 3003 de
469 2937 728 3014 Wirtemberch,
746 2936 964 3002 Gebehardus
979 2936 1176 3002 burcravius
1196 2937 1346 3023 Meigde-

289 3041 476 3128 burgensis,
503 3040 684 3106 Hainricus
715 3040 757 3106 de
788 3040 1047 3117 stahhelburch,
1074 3040 1272 3105 Waltherus
1302 3040 1344 3106 de

290 3144 360 3210 Lan
363 3144 540 3231 genberch,
555 3144 736 3211 Hainricus
749 3145 791 3210 de
802 3144 1043 3221 ChalandrinO,
1053 3144 1275 3214 marescalcus
1287 3145 1346 3208 im-

289 3249 383 3334 perii,
400 3248 597 3314 Waltherus
613 3248 654 3314 de
678 3247 773 3335 Sypf,
789 3249 949 3333 pincerna
971 3248 1111 3333 imperii,
1129 3246 1344 3312 Gwaltherus

291 3352 447 3430 Gentilis,
460 3352 706 3418 comestabulus
719 3353 816 3439 regni
829 3351 954 3438 Sycilie
962 3375 971 3427 ;
988 3359 1023 3417 et
1035 3352 1092 3415 alii
1106 3371 1207 3436 quam
1219 3351 1344 3435 plures.

333 3455 476 3543 Signum
497 3455 623 3520 domini
647 3456 818 3521 Frederici
841 3454 982 3520 secundi
1005 3455 1233 3519 Romanorum
1256 3455 1344 3541 regis

289 3560 500 3625 invictissimi
519 3560 576 3645 (L.
594 3560 661 3644 M.)
679 3567 714 3625 et
729 3561 818 3646 regis
835 3558 991 3645 Syciliae.

334 3664 409 3751 Ego
426 3663 648 3730 (lhuonradus
664 3664 728 3729 Dei
752 3670 786 3729 et
808 3663 1010 3748 apostolicae
1033 3661 1122 3727 sedis
1145 3662 1254 3749 gratia
1276 3661 1346 3754 Me?

289 3770 393 3834 tensis
409 3770 595 3854 episcopus,
611 3769 684 3834 vice
706 3767 835 3831 domini
859 3765 1029 3853 Sigeiridi,
1047 3766 1241 3851 Maguntini
1265 3765 1346 3829 arci-

290 3873 436 3958 episcopi
452 3881 487 3937 et
502 3873 703 3958 apostolicae
719 3870 807 3936 sedis
822 3871 937 3959 legati,
953 3891 992 3934 ac
1014 3869 1120 3934 totius
1144 3868 1344 3933 Germaniae

290 3976 560 4054 arcicancellarii,
576 3975 768 4062 recognovi.
1282 3985 1291 3993 “
