3292 4809
296 576 336 640 96
514 584 647 635 srnnor
668 584 876 634 rmmmvsr.
901 583 1133 634 nocurmnrs.

295 854 370 917 THE
382 854 590 919 mannas
603 855 895 919 Protarchum
909 856 954 919 OF
968 856 1217 919 Prasmon
1237 859 1358 940 (1165).

669 1023 988 1086 mammnm]

339 1164 529 1232 Fridericus
544 1165 610 1232 Dei
627 1166 738 1253 gratia
761 1167 990 1231 Romanorum
1011 1166 1193 1253 imperator
1215 1172 1252 1233 et
1273 1190 1359 1235 sem·

293 1277 551 1357 perangustus,
574 1270 842 1357 archiepiscopis,
864 1271 1038 1356 episcopis,
1060 1270 1245 1349 abbatibus,
1262 1272 1359 1338 cleri-

294 1374 352 1451 cis,
365 1372 516 1451 ducibus,
529 1374 784 1452 marchionibus,
796 1374 974 1440 comitibus
986 1379 1022 1440 et
1033 1374 1187 1440 omnibus
1199 1374 1357 1443 fidelibus

293 1479 373 1555 suia,
389 1478 534 1543 salutem
550 1486 585 1543 et
600 1499 697 1544 omne
715 1478 852 1543 bonum.
898 1478 1040 1544 Cunctis
1059 1485 1179 1543 notum
1202 1486 1255 1544 est
1277 1502 1358 1567 pop

294 1583 370 1659 ulis,
387 1583 534 1669 qualiter
555 1590 671 1647 exorta
693 1582 865 1668 quondam
890 1584 980 1648 inter
1002 1584 1160 1648 ecclesiae
1183 1583 1356 1651 Romanae

293 1686 481 1753 cardinales
504 1686 545 1752 de
568 1687 792 1773 apostolicatu
818 1686 985 1752 discordia
1010 1688 1047 1751 in
1069 1708 1166 1775 reges
1190 1707 1228 1752 ac
1250 1708 1357 1775 regna

293 1791 422 1876 impetu
436 1790 595 1876 pestifero
611 1798 663 1856 est
679 1789 813 1855 diffusa.
859 1789 926 1855 Pro
943 1812 1009 1875 qua
1027 1790 1072 1855 ad
1092 1791 1238 1876 optabile
1260 1792 1355 1877 pacis

292 1895 418 1960 bonum
439 1880 628 1961 revocanda
644 1902 789 1980 quantos
811 1901 890 1980 post
909 1894 1027 1960 beatae
1049 1895 1226 1959 memoriae
1247 1916 1355 1982 papae
1470 1898 1475 1909 '

293 1998 441 2064 Victoris
464 2000 662 2065 electionem
688 2019 727 2064 ac
755 1998 1042 2063 confirmationem
1068 1998 1265 2063 catholicam
1292 1998 1356 2064 Pa·

292 2104 377 2188 piae,
390 2102 536 2181 Laudae,
550 2102 744 2180 Mediolani,
757 2102 891 2167 Laonae
907 2109 1009 2188 atque
1021 2103 1057 2166 in
1069 2101 1209 2167 diversis
1220 2103 1354 2188 imperii

292 2206 414 2272 finibus
436 2208 472 2271 in
491 2229 627 2292 corpore
650 2215 764 2272 nostro
787 2206 915 2272 labores
938 2213 1009 2271 tam
1030 2228 1092 2271 nos
1116 2228 1218 2292 quam
1240 2207 1354 2273 incliti

292 2311 459 2396 principes
475 2312 581 2375 nostri
596 2311 843 2396 pertulerimus,
860 2318 1003 2395 quantas
1015 2332 1128 2375 rerum
1143 2310 1255 2396 copias
1278 2312 1352 2377 zelo

291 2414 441 2499 justitiae
456 2413 729 2501 impenderimus,
744 2415 781 2477 in
799 2415 958 2479 extremis
982 2436 1116 2500 quoque
1139 2413 1259 2479 mundi
1278 2437 1353 2501 par·

292 2517 382 2583 tibus
396 2518 464 2603 jam
479 2517 634 2582 auditum
649 2539 717 2582 non
739 2517 943 2583 dubitamus
980 2508 1136 2604 Denique
1159 2516 1351 2585 beatissimo

292 2643 379 2707 papa
405 2621 545 2688 Victore
571 2621 615 2686 ad
638 2621 783 2708 paradisi
809 2622 934 2708 guadia
959 2629 1131 2708 assumpto
1158 2622 1252 2687 etin
1277 2623 1351 2709 ejus

292 2726 405 2791 locum
426 2725 467 2791 ab
485 2727 648 2812 episcopis
670 2747 709 2792 ao
733 2725 958 2792 cardinalibus
981 2726 1087 2792 almae
1109 2726 1198 2792 sedis
1221 2733 1352 2811 aposto·

291 2828 376 2895 licae
399 2829 534 2895 domino
557 2829 701 2907 Pascali,
717 2830 790 2896 viro
807 2830 1093 2907 christianissimo,
1108 2830 1145 2893 in
1160 2832 1350 2915 praesentia

292 2934 524 3019 episcoporum
542 2940 578 2999 et
599 2934 835 3020 religiosorum
857 2932 1110 3021 Longobardiae
1133 2955 1171 2999 ac
1195 2934 1350 3013 Tusciae,

291 3038 435 3102 illustris
465 3060 600 3123 quoque
630 3037 794 3124 praefecti
823 3035 915 3103 urbis
946 3038 1071 3103 Romae
1096 3059 1136 3103 ac
1163 3038 1350 3103 multorum

292 3140 456 3205 nobilium
471 3141 698 3207 Romanorum
714 3140 878 3206 catholice
901 3140 1096 3219 substituto,
1112 3142 1224 3227 ipsum
1246 3142 1350 3207 etiam

292 3244 467 3309 dominum
490 3244 665 3311 Pascalem
689 3266 732 3310 ex
757 3244 917 3310 ecclesiae
939 3266 978 3309 ac
1001 3246 1191 3330 principum
1216 3245 1350 3330 imperii

291 3349 416 3435 judicio
442 3356 545 3434 atque
561 3350 700 3414 consilio
726 3349 762 3412 in
786 3370 908 3434 papam
932 3356 968 3414 et
990 3357 1120 3434 patrem
1144 3347 1350 3414 catholicum

292 3453 524 3539 sollempniter
542 3454 729 3538 recepimus
752 3452 935 3538 debitoque
957 3452 1084 3518 honore
1105 3474 1237 3538 semper
1251 3474 1352 3519 vene-

292 3558 358 3621 rari
377 3557 598 3630 intendimus.
643 3553 791 3621 Proinde
807 3555 977 3621 obstinata
993 3556 1256 3622 scismaticorum
1278 3578 1352 3642 per-

292 3661 380 3740 fidia,
405 3669 547 3727 mortem
570 3662 635 3727 viri
660 3661 743 3747 justi
769 3660 839 3724 suis
862 3659 1073 3725 successibus
1096 3667 1212 3746 aperta
1235 3659 1349 3727 fronte

292 3766 462 3844 anhelans,
485 3766 622 3831 sireneis
648 3765 717 3829 suis
747 3763 925 3829 blandiciis
954 3763 1106 3829 fidelium
1135 3763 1350 3849 quorundam

292 3872 420 3935 animos
435 3867 519 3957 adeo
534 3869 653 3933 molita
668 3874 720 3932 est
739 3867 780 3932 de
799 3888 887 3932 novo
910 3867 1098 3945 immutare,
1113 3873 1163 3945 ut,
1178 3868 1244 3932 nisi
1266 3889 1351 3932 mor-

292 3974 343 4040 bis
358 3975 454 4041 novis
469 3994 557 4039 nova
571 3971 718 4039 remedia
736 3972 901 4036 maturius
921 3970 1153 4057 objicerentur,
1168 3992 1246 4058 pars
1268 3992 1352 4057 quo-
