3292 4809
562 653 638 701 run
659 652 916 703 onnonnvcmu
936 651 1084 706 aaaron.
1306 635 1349 703 17

294 820 452 887 canonice
468 826 504 886 et
519 820 619 907 juste,
635 820 823 887 secundum
838 821 927 887 vires
942 827 977 886 et
991 820 1205 887 intellectum
1219 842 1349 897 meum;

294 932 329 990 et
351 924 409 990 ille
433 924 494 1010 qui
518 924 646 990 electus
670 924 785 1003 fuerit,
802 946 855 991 me
879 926 1111 992 consentiente
1135 932 1349 993 consecratus
1411 966 1416 975 -

293 1027 449 1115 pontifex
473 1049 543 1093 non
567 1027 636 1106 fiat,
660 1028 857 1113 priusquam
883 1030 951 1095 tale
975 1035 1224 1101 sacramentum
1247 1028 1351 1095 iaciat

293 1133 330 1196 in
356 1133 544 1218 praesentia
566 1132 658 1197 missi
685 1132 800 1201 domni
826 1134 1037 1217 imperatoris
1061 1140 1097 1200 et
1121 1133 1248 1219 populi,
1272 1155 1350 1199 oum

293 1236 492 1322 juramento,
518 1237 619 1322 quale
650 1235 793 1301 domnus
823 1236 997 1323 Eugenius
1027 1258 1114 1323 papa
1138 1245 1259 1323 sponte
1288 1258 1350 1324 pro

294 1341 548 1407 conservatione
564 1340 714 1405 omnium
729 1338 859 1407 factum
874 1340 975 1407 habet
989 1338 1050 1427 per
1063 1340 1252 1427 scriptum.¹

753 1551 893 1581 -Qb-

517 1691 592 1766 rm
614 1704 764 1783 mmrr
786 1702 831 1767 or
852 1653 1008 1769 remur
1032 1704 1127 1771 (ss).

441 1849 472 1909 8)
494 1848 607 1911 [Rudolfl
617 1851 751 1899 Fuldensls
761 1852 888 1911 Annalem
904 1851 940 1899 M.
951 1852 982 1900 G.
992 1852 1033 1910 H.,
1044 1852 1089 1900 SS.
1100 1854 1121 1899 Ι.
1131 1850 1195 1913 362]

339 1992 517 2078 Descripto
532 2014 636 2080 regno
651 2014 671 2057 a
686 1993 885 2077 primoribus
903 1999 939 2059 et
955 1994 992 2058 in
1008 2000 1076 2059 tres
1098 2002 1208 2079 partes
1230 1994 1367 2072 diviso,

295 2096 386 2183 apud
415 2093 621 2164 Viridunum
652 2096 782 2163 Galliae
812 2099 985 2163 civitatem
1014 2105 1083 2163 tres
1112 2119 1208 2185 reges
1236 2119 1350 2164 mense

296 2200 455 2287 Augusto
471 2202 720 2278 convenientes,
736 2222 879 2287 regnum
898 2202 989 2266 inter
1009 2222 1044 2267 se
1068 2200 1294 2287 dispertiunt3
1317 2208 1353 2267 et

296 2303 519 2370 Hludowious
535 2305 671 2389 quidem
688 2305 886 2370 orientalem
900 2313 1031 2391 partem
1052 2306 1192 2391 accepit,
1208 2306 1352 2371 Karalus

296 2407 538 2474 occidentalem
561 2410 682 2473 tenuit.
728 2408 939 2487 Hlotharius‚
956 2410 1016 2494 qui
1039 2410 1144 2495 major
1164 2416 1248 2475 natu
1271 2418 1352 2488 erat,

296 2512 442 2577 mediam
470 2512 560 2577 inter
589 2534 646 2578 eos
675 2514 813 2578 sortitus
844 2521 897 2579 est
925 2514 1137 2598 portionem..
1181 2512 1352 2599 Factaque

295 2618 386 2683 inter
411 2638 446 2682 se
472 2638 553 2702 pace
580 2624 615 2682 et
639 2617 830 2702 juramento
856 2616 997 2694 firmata,
1021 2618 1149 2704 singuli
1175 2617 1219 2682 ad
1245 2616 1354 2702 dispo-

296 2720 424 2787 nendas
439 2720 652 2806 tuendasque
671 2722 767 2809 regni
782 2722 836 2786 sui
851 2730 963 2807 partes
978 2729 1204 2787 revertuntur.
1250 2721 1355 2788 Karo

296 2826 351 2890 lus
370 2825 602 2910 Aquitaniam,
619 2826 717 2911 quasi
740 2825 784 2890 ad
805 2833 935 2911 partem
956 2826 1053 2912 regni
1079 2826 1133 2890 sui
1155 2825 1228 2910 jure
1254 2826 1355 2910 perti-

297 2936 445 3007 nentem,
461 2928 633 3006 affectans,
651 2929 797 3015 Pippino
812 2930 929 3015 nepoti
943 2951 1006 2994 suo
1022 2930 1183 2994 molestus
1199 2928 1353 3007 efficitur,

297 3054 443 3118 eumque
470 3032 592 3099 crebris
622 3033 869 3099 incursionibus
899 3032 1074 3110 infestans,
1099 3032 1225 3120 grande
1255 3032 1355 3100 detri-

297 3143 451 3236 mentum
464 3138 591 3222 proprii
606 3158 703 3222 saepe
719 3138 861 3223 pertulit
876 3138 1055 3203 exereitus.

480 3341 513 3400 b)
531 3342 663 3408 Prudentii
672 3343 789 3389 Trecusis
799 3342 913 3390 Annales
926 3342 1003 3402 (Arm.
1015 3341 1181 3401 Bertiniani).

344 3477 485 3543 Carolus
500 3478 543 3543 ad
558 3478 751 3543 condictum
767 3477 927 3544 fratribus
943 3477 1081 3544 obvians
1096 3499 1198 3563 penes
1211 3476 1356 3545 Viradu·

298 3603 382 3647 num
408 3583 645 3669 conjungitur3
676 3583 734 3647 ubi
761 3581 948 3648 distributis
978 3581 1200 3667 portionibus,
1228 3580 1355 3645 Hludo

298 3687 404 3752 wicus
426 3686 525 3752 ultra,
539 3686 695 3751 Rhenum
719 3688 839 3764 omnia,
855 3688 940 3753 citra
963 3686 1120 3751 Rhenum
1137 3707 1216 3752 vero
1239 3685 1356 3751 Neme-

341 3888 352 3923 ¹
364 3890 434 3941 'I'hls
446 3889 514 3940 cath
525 3889 559 3939 of
577 3890 719 3953 Eugenius
731 3890 782 3940 has
794 3895 845 3940 not
856 3891 926 3939 been
938 3890 1097 3951 preserved,
1110 3890 1161 3939 but
1172 3889 1211 3938 its
1223 3889 1357 3949 probable

300 3974 383 4023 tenor
399 3972 424 4022 is
442 3974 562 4022 evident.
600 3973 659 4023 The
676 3973 819 4037 authority
837 3973 990 4034 expressed
1007 3973 1037 4022 ln
1054 3972 1113 4022 this
1131 3971 1193 4023 Sao.
1205 3972 1284 4022 Rom.
1297 3984 1357 4023 was

300 4054 364 4106 first
375 4054 517 4105 exercised
528 4055 558 4104 ln
569 4056 626 4107 827.
