3292 4809
508 644 584 691 rme
605 640 910 718 norrnssrsnrnu
931 640 1081 689 rnsron,
1141 634 1143 638 ’
1261 623 1325 690 113

185 949 190 957 ⁴
282 857 493 919 marmur
520 858 561 920 11.
589 858 738 920 sumas
766 837 915 919 mmrr
940 856 1012 919 ros
1038 855 1164 940 sronr
1195 856 1311 938 (1211).

702 995 899 1059 [E-B.,L201.]

312 1123 354 1188 In
370 1125 505 1190 nomine
522 1124 587 1191 Dei
603 1126 711 1190 eterni
726 1132 762 1190 et
774 1123 959 1190 Salvatoris
970 1123 1077 1189 nostri
1089 1123 1112 1188 J
1113 1144 1173 1188 esu
1186 1121 1323 1188 Christi.

268 1226 388 1292 Amen.
434 1228 725 1294 Reverendissimo
740 1228 829 1314 patri
844 1236 880 1293 et
897 1227 1091 1293 charissimo
1114 1225 1248 1291 domino
1271 1225 1325 1290 In·

267 1333 424 1397 nocentio
454 1331 520 1397 Dei
549 1334 659 1420 gratia
688 1339 803 1398 sancte
834 1332 983 1397 Romane
1014 1330 1164 1397 Ecclesie
1194 1352 1324 1396 summo

267 1436 430 1521 pontifici,
461 1436 652 1502 Friderious
688 1436 754 1502 Dei
790 1437 900 1524 gratia
935 1458 997 1501 rex
1027 1434 1151 1514 Sicilie,
1181 1434 1324 1501 ducatus

268 1539 394 1625 Apulie
411 1547 447 1605 et
460 1541 669 1626 principatus
686 1539 811 1627 Capue.
857 1540 951 1605 Inter
965 1541 1122 1606 universa
1137 1561 1223 1625 quae
1240 1541 1326 1627 geri·

268 1665 343 1708 mus
373 1644 410 1707 in
440 1642 615 1709 desideriis
645 1645 770 1710 nostris
799 1645 969 1730 precipue,
998 1643 1062 1709 hoc
1094 1643 1326 1728 principaliter

268 1745 465 1813 affectamus
495 1755 535 1813 ut
564 1748 659 1814 vobis
690 1755 727 1813 et
754 1755 964 1813 sacrosancte
995 1747 1146 1813 Romane
1175 1746 1325 1813 Eeclesie

267 1859 402 1938 gratum
417 1851 651 1938 impendamus
667 1853 866 1938 obsequium
881 1859 917 1917 et
932 1851 1093 1917 devotum
1107 1850 1325 1916 exhibeamus

268 1955 438 2033 honorem,
469 1977 512 2022 ne
546 1977 698 2042 unquam
735 1954 974 2021 beneficiorum
1003 1962 1203 2032 vestrorum,
1233 1954 1326 2040 quod

268 2066 401 2125 avertat
422 2060 599 2138 Dominus,
622 2060 835 2126 inveniamur
857 2059 993 2146 ingrati,
1017 2080 1095 2123 cum
1116 2065 1194 2144 post
1217 2057 1325 2123 divini

269 2165 417 2229 muneris
438 2165 582 2252 gratiam
604 2185 673 2229 non
694 2164 805 2229 solum
827 2157 1040 2240 terram,'sed
1053 2163 1159 2229 vitam
1181 2184 1243 2247 per
1255 2151 1336 2227 ves-¹

269 2275 359 2333 trum
383 2268 611 2353 patrocinium
634 2289 696 2334 nos
722 2266 891 2334 fateamur
913 2266 1044 2332 habere.
1101 2265 1199 2331 Licet
1219 2266 1327 2353 igitur
1359 2336 1361 2339 ,

269 2378 496 2438 antecessores
523 2372 629 2438 nostri
654 2373 744 2437 clare
774 2372 933 2437 memorie
959 2392 1055 2459 reges
1082 2369 1196 2436 Sicilie
1219 2369 1327 2456 Apos-

269 2475 371 2540 tolice
394 2474 474 2540 Sedi
496 2475 613 2541 fideles
636 2474 767 2541 fuerint
792 2481 829 2541 et
854 2474 979 2552 devoti,
1001 2496 1063 2540 nos
1089 2482 1204 2539 tamen
1229 2481 1326 2540 tanto

271 2578 438 2645 fideliores
453 2586 489 2645 et
507 2578 698 2645 devotiores
722 2580 754 2644 ei
777 2577 1006 2644 desideramus
1029 2579 1173 2644 existere
1197 2584 1326 2663 quanto

270 2682 368 2768 plura
391 2691 427 2749 et
451 2684 582 2769 potiora
606 2682 769 2749 beneficia
794 2703 855 2747 nos
878 2681 921 2747 ab
942 2703 982 2747 ea
1003 2682 1235 2769 cognoscimus
1256 2704 1328 2767 per·

271 2786 397 2872 cepisse
428 2808 467 2852 ac
493 2788 531 2851 in
554 2794 727 2873 posterum
753 2793 971 2871 percepturos
997 2787 1069 2851 esse
1095 2786 1326 2870 perspicimus.

271 2890 344 2955 Vos
359 2890 450 2956 enim
463 2890 559 2956 nobis
574 2899 610 2956 et
624 2889 804 2957 heredibus
821 2890 944 2954 nostris
960 2889 1020 2975 qui
1034 2889 1070 2954 iu
1091 2910 1233 2976 regnum
1256 2910 1329 2955 suo·

271 2995 432 3061 cesserint
458 2995 669 3061 concessistis
694 3015 839 3082 regnum
866 2992 991 3071 Sicilie,
1014 2992 1177 3058 ducatum
1199 2993 1326 3078 Apulie

271 3118 310 3163 ac
336 3099 564 3184 principatum
586 3097 701 3185 Capua
724 3119 802 3164 cum
824 3098 894 3164 suis
915 3098 1129 3183 pertinentiis
1152 3098 1327 3175 universis,

273 3201 459 3287 Neapolim,
475 3201 652 3268 Salernum
667 3192 899 3269 et‘Amalfiam
914 3224 992 3267 cum
1014 3203 1225 3287 pertinentiis
1247 3203 1328 3281 suis,

272 3304 432 3370 Marsiam
447 3314 483 3372 et
496 3306 563 3371 alia
577 3328 644 3392 que
667 3307 758 3371 ultra
780 3306 940 3372 Marsiam
962 3306 1122 3373 debemus
1144 3306 1265 3372 habere
1289 3328 1328 3373 ao

272 3410 402 3495 reliqua
413 3411 600 3476 tenimenta
612 3431 678 3496 que
690 3418 856 3489 tenemus,
868 3434 888 3477 a
899 3411 1189 3497 predecessoribus
1203 3412 1328 3477 nostris

273 3513 462 3580 hominibus
473 3521 587 3579 sancte
600 3515 749 3581 Romane
761 3516 912 3582 Ecclesia
923 3517 997 3604 jure
1010 3516 1157 3594 detenta,
1168 3524 1204 3582 et
1212 3524 1329 3582 contra

274 3644 388 3689 omnes
416 3623 570 3689 homines
595 3624 775 3690 honorifice
803 3632 1020 3690 manutenere
1046 3622 1217 3709 juvabitis.
1262 3621 1329 3687 Pro

273 3728 396 3813 quibus
411 3729 566 3795 omnibus
582 3751 693 3795 coram
709 3730 904 3796 charissimo
926 3731 1034 3795 amico
1055 3735 1171 3793 nostro
1194 3726 1329 3792 domino

275 3830 438 3921 Gregorio
461 3832 576 3901 Sancti
600 3834 769 3902 Theodori
787 3835 970 3902 venerabili
992 3834 1133 3900 diacono
1156 3832 1329 3909 cardinali,

275 3936 470 4022 Apostolice
503 3936 599 4005 Sedis
633 3940 757 4027 legato,
787 3941 987 4007 fidelitatem
1017 3939 1111 4006 vobis
1142 3938 1329 4023 vestrisque

274 4041 520 4108 successoribus
542 4050 578 4109 et
599 4042 750 4111 Ecclesia
777 4044 927 4111 Romane
956 4043 1153 4130 juravimus,
1179 4041 1270 4108 siout
1294 4041 1331 4106 in
