3292 4809
303 602 344 673 36
521 617 654 667 sunnor
676 617 885 667 unnmvan
908 617 1138 667 noouunurs.

302 787 479 874 potestatis
495 786 664 854 vindicem
678 809 747 853 non
761 788 834 853 sine
849 808 951 854 causa
964 786 1117 875 gladium
1138 788 1357 873 portavimus,

302 912 365 957 nec
380 898 494 957 tamen
509 892 546 956 in
557 912 642 969 reos,
655 899 695 956 ut
705 892 834 977 justum
845 891 922 969 fuit,
931 891 1107 976 judiciaria
1117 890 1216 956 illum
1227 913 1359 978 semper
1450 876 1452 881 ¹

303 1016 445 1061 censura
461 996 724 1083 evaginavimus.
769 994 870 1061 Nunc
886 1002 1000 1061 autem
1015 995 1130 1061 divina
1144 996 1356 1061 miseratione

302 1100 552 1185 aliquantulum
569 1100 762 1185 compuncti
778 1100 861 1165 etin
872 1121 934 1165 nos
945 1100 1081 1176 reversi,
1093 1106 1231 1184 peccata
1242 1107 1358 1165 nostra

302 1205 413 1290 priora
424 1211 554 1270 vestrae
566 1203 879 1291 indulgentissimae
890 1202 1087 1290 paternitati
1097 1224 1157 1268 nos
1169 1203 1357 1269 accusando

303 1309 520 1385 confitemur3
542 1315 714 1394 sperantes
730 1307 772 1373 de
788 1308 884 1374 vobis
894 1308 932 1372 in
942 1307 1100 1384 Domino,
1111 1315 1161 1384 ut,
1174 1308 1359 1394 apostolica

302 1419 416 1479 vestra
431 1413 631 1478 auctoritate
647 1411 804 1489 absoluti,
818 1412 994 1498 justificari
1009 1432 1204 1477 mereamur.

347 1515 444 1581 Eheu
459 1516 629 1604 criminosi
644 1538 704 1582 nos
720 1523 755 1582 et
769 1515 934 1594 infelices,
949 1515 1072 1602 partim
1086 1515 1251 1601 pueritiae
1266 1514 1359 1581 blan·

303 1619 427 1685 dientis
449 1621 678 1699 instinctione,
696 1621 821 1707 partim
843 1620 1064 1707 potestativae
1087 1627 1220 1685 nostrae
1243 1625 1280 1685 et
1300 1620 1359 1684 im-

302 1726 450 1811 periosae
465 1726 636 1811 potentiae
647 1725 813 1804 libertate,
826 1725 950 1811 partim
962 1724 1065 1790 etiam
1074 1744 1200 1801 eorum,
1213 1745 1357 1809 quorum

266 1848 268 1851 ⁴
302 1828 484 1895 seductiles
516 1829 658 1894 nimium
692 1830 801 1895 secuti
834 1850 951 1895 sumus
988 1828 1138 1905 consilia,
1167 1827 1358 1894 seductorie
1387 1831 1390 1836 ’

302 1933 498 2019 deceptione
524 1934 737 2019 peccavimus
762 1935 799 1998 in
826 1934 959 2000 coelum
985 1940 1020 1999 et
1045 1953 1157 1997 ooram
1178 1932 1292 2008 vobis3
1322 1938 1358 1998 et

300 2038 370 2124 jam
384 2037 479 2126 digni
494 2059 563 2103 non
578 2059 695 2104 sumus
711 2038 887 2104 vocatione
903 2043 1035 2104 vestrae
1053 2035 1232 2102 filiationis.
1279 2035 1358 2101 Non

301 2142 411 2207 solum
441 2143 532 2207 enim
561 2163 622 2208 nos
652 2163 705 2208 res
735 2141 978 2209 ecclesiasticas
1005 2143 1201 2220 invasimus,
1227 2162 1357 2219 verum,

303 2267 438 2331 quoque
453 2246 603 2333 indignis
619 2245 741 2332 quibus
759 2246 845 2311 libet
865 2253 901 2313 et
923 2247 1116 2333 symoniaco
1138 2236 1218 2312 felle
1241 2247 1359 2311 amari·

302 2350 386 2415 catis
396 2357 431 2415 et
441 2372 509 2415 non
519 2351 693 2436 perotium
704 2349 765 2416 sed
776 2350 912 2417 aliunde
924 2350 1191 2439 ingredientibus
1200 2351 1357 2416 ecclesias

302 2455 390 2539 ipsas
407 2453 632 2532 vendidimus,
648 2462 683 2519 et
698 2472 765 2519 non
782 2476 837 2520 eas
853 2462 893 2519 ut
908 2456 1058 2541 oportuit
1073 2454 1295 2520 defendimus.

346 2558 398 2623 At
411 2579 513 2635 nuno,
530 2558 612 2644 quia
626 2558 691 2624 soli
707 2557 832 2644 absque
849 2567 962 2625 vestra
976 2560 1177 2625 auctoritate
1200 2558 1356 2625 ecclesias

303 2662 468 2749 corrigere
483 2683 553 2728 non
576 2683 764 2747 possumus,
779 2684 882 2750 super
903 2662 966 2741 his,
981 2669 1023 2729 ut
1043 2664 1144 2730 etiam
1168 2662 1209 2727 de
1232 2663 1356 2728 nostris

302 2765 467 2844 omnibus,
482 2773 634 2833 vestrum
650 2787 718 2832 una
733 2773 768 2833 et
789 2768 968 2833 consilium
990 2773 1026 2832 at
1047 2767 1212 2832 auxilium
1235 2766 1356 2833 obnixe

303 2870 513 2955 quaerimus3
535 2877 688 2937 vestrum
701 2870 944 2937 studiosissime
960 2877 1176 2957 praeceptum
1190 2871 1357 2937 servaturi

301 2975 339 3039 in
365 2962 535 3040 omnibus
575 2974 622 3039 Et
647 2996 738 3041 nnnc
766 2976 803 3040 in
830 2975 947 3062 primis
973 2995 1033 3061 pro
1059 2974 1201 3042 ecclesia
1230 2972 1359 3039 Medio·

301 3077 441 3157 lanensi,
466 3099 551 3164 quae
574 3086 690 3144 nostra
712 3080 812 3166 culpa
834 3080 943 3145 estin
965 3100 1086 3156 errore,
1109 3099 1285 3165 rogamus:
1315 3084 1357 3144 ut

301 3189 415 3248 vestra
441 3184 625 3268 apostolica
655 3183 866 3249 districtione
896 3184 1056 3249 canonice
1086 3182 1291 3270 corrigatur;
1321 3188 1357 3247 et

302 3286 424 3353 exinde
445 3285 489 3350 ad
510 3295 657 3353 caeteras
680 3286 897 3376 corrigendas
919 3287 1111 3353 autoritatis
1132 3293 1263 3353 vestrae
1285 3307 1358 3351 sen-

300 3391 408 3457 tentia
433 3391 676 3478 progrediatur.
722 3392 792 3458 Nos
819 3412 899 3479 ergo
922 3391 1016 3457 vobis
1042 3391 1078 3455 in
1104 3389 1259 3456 omnibus
1281 3390 1356 3456 Deo

301 3495 435 3561 volente
450 3516 520 3559 non
541 3495 766 3573 defuerimus3
788 3503 946 3583 rogantes
968 3494 1005 3560 id
1026 3496 1137 3581 ipsum
1158 3494 1357 3581 suppliciter

301 3600 539 3683 paternitatem
560 3607 717 3679 vestram,
740 3607 781 3665 ut
802 3601 898 3666 nobis
920 3599 1039 3665 alacris
1062 3598 1152 3664 adsit
1175 3598 1358 3664 clementer

301 3703 337 3766 in
352 3702 516 3769 omnibus.
561 3704 707 3770 Litteras
722 3712 852 3770 nostras
871 3725 940 3769 non
961 3711 1038 3790 post
1059 3703 1199 3790 longum
1221 3709 1355 3788 tempus

301 3827 379 3871 cum
389 3807 590 3875 fidelissimis
602 3810 724 3874 nostris
735 3808 900 3874 habebitis
913 3831 922 3884 ;
945 3829 987 3873 ex
999 3807 1122 3893 quibus
1133 3814 1256 3884 nostra,
1269 3828 1356 3894 quae

286 3908 412 4005 'adhuc
427 3910 571 3978 dicenda
584 3919 723 3992 restant,
739 3915 813 3980 Deo
829 3914 932 3979 dante
947 3914 1081 3999 plenius
1097 3912 1253 3977 audietis.
