3292 4809
424 635 561 693 aaaron
583 633 630 692 or
652 630 995 690 marcinannus
1015 628 1221 689 macons.
1306 610 1348 686 61

293 819 370 899 post
384 833 445 877 nos
468 812 504 875 in
523 810 706 896 apostolica
723 809 803 876 sede
821 808 1054 886 successerint,
1069 814 1116 885 te,
1131 814 1192 873 aut
1205 828 1350 895 regnum

292 939 393 1002 super
419 916 482 981 hoc
513 915 721 1000 inquiaetare
747 914 895 1000 negotio.
950 911 1066 990 Porro,
1091 911 1248 978 ccclesias
1271 932 1350 976 cum

293 1019 518 1087 oblationibus
543 1026 579 1086 et
605 1017 815 1083 hereditariis
841 1015 1115 1102 possessionibus,
1131 1037 1198 1102 que
1218 1014 1262 1080 ad
1279 1037 1350 1101 reg·

293 1148 376 1191 num
391 1124 568 1190 manifeste
584 1144 653 1188 non
667 1119 892 1207 pertinebant,
907 1119 1028 1185 liberas
1051 1140 1184 1185 manere
1203 1117 1351 1185 decerni·

293 1252 379 1308 mus,
394 1230 483 1295 siout
503 1229 540 1293 in
556 1227 611 1293 die
628 1225 854 1293 coronationis
877 1231 957 1289 tuae
980 1224 1016 1287 in
1038 1229 1221 1309 conspectu
1243 1223 1349 1289 totius

294 1335 451 1401 ecclesiae
466 1334 659 1420 promisisti.
707 1330 852 1417 Oportet
863 1330 954 1397 enim
969 1331 1141 1415 episcopos
1157 1329 1245 1395 curis
1259 1349 1351 1393 secu·

293 1439 418 1504 laribus
439 1438 624 1524 expeditos,
641 1458 758 1504 curam
779 1458 919 1503 suorum
941 1458 1040 1524 agere
1062 1436 1274 1520 populorum,
1289 1455 1350 1499 nec

294 1543 442 1608 ecclesiis
458 1543 528 1608 suis
545 1542 658 1608 abesse
671 1540 810 1607 diutius.
842 1540 911 1626 Ipsi
927 1541 1017 1606 enim
1030 1540 1146 1625 juxsta
1160 1538 1351 1623 apostolum

295 1645 441 1711 Paulum
466 1646 681 1733 pervigilant,
705 1652 880 1731 tamquam
903 1644 1069 1710 rationem
1091 1663 1154 1729 pro
1177 1641 1350 1707 animabus

294 1770 431 1816 aeorum
446 1749 631 1838 redditury.

347 1996 391 2082 b)
420 1993 485 2061 lte
500 1994 668 2079 Pricilepe
685 1994 724 2077 of
733 1993 838 2083 April
853 1992 1019 2073 12,1111.
1053 1991 1292 2080 (Prioileyiam

615 2100 774 2165 secandae
791 2098 1036 2183 conventionis.)

675 2250 984 2313 mammam

339 2379 378 2444 P.
417 2379 603 2465 episcopus,
633 2400 750 2445 servus
787 2399 961 2444 servorum
999 2378 1074 2457 Dei,
1105 2377 1281 2445 karissimo
1313 2379 1350 2443 in

296 2482 432 2550 Christo
447 2483 518 2549 filio
536 2483 582 2548 H.
598 2484 743 2571 glorioso
769 2482 1033 2550 Teutonioorum
1055 2484 1138 2569 regi,
1156 2490 1192 2549 11
1206 2505 1266 2569 per
1284 2483 1351 2548 Dei

295 2588 533 2674 omnipotentis
558 2589 702 2675 gratiam
725 2587 955 2652 Romanorum
978 2588 1172 2672 imperatori
1193 2594 1350 2674 augusto,

294 2692 439 2758 salutem
465 2699 501 2758 et
526 2691 745 2777 apostolicam
771 2690 1048 2759 benedictionem.
1103 2694 1260 2781 Regnum
1281 2706 1352 2760 ves

295 2803 385 2880 trum
407 2803 541 2861 sanctae
566 2796 734 2861 Romanae
758 2796 917 2861 ecclesias
941 2797 1161 2885 singulariter
1182 2797 1351 2875 coherere,

295 2900 469 2986 dispositio
484 2900 600 2965 divina
617 2900 804 2965 constituit.
851 2899 1107 2968 Predeoessores
1121 2903 1226 2968 vestri
1244 2901 1352 2987 probi-

295 3006 374 3070 tatis
386 3011 422 3070 et
431 3004 609 3089 prudentie
623 3004 795 3089 amplioris
807 3006 918 3092 gratia
929 3006 1078 3072 Romane
1091 3005 1182 3071 urbis
1195 3026 1350 3072 coronam

295 3116 330 3174 et
344 3109 520 3194 imperium
536 3109 708 3174 consecuti
723 3117 815 3174 sunt.
855 3110 913 3174 Ad
928 3111 1024 3196 cujus
1039 3110 1200 3177 videlicet
1211 3131 1350 3176 coronae

295 3218 330 3277 et
344 3212 474 3297 imperii
490 3211 701 3297 dignitatem,
719 3219 814 3277 tuam
831 3235 965 3300 quoque
980 3236 1156 3301 personam
1179 3214 1227 3279 fili
1249 3214 1352 3280 karis-

294 3316 387 3393 sime,
418 3314 464 3379 H.
494 3336 555 3400 per
582 3317 690 3381 nostri
725 3317 904 3383 sacerdotii
941 3319 1165 3385 ministerium
1194 3321 1350 3407 majestas

295 3419 410 3485 divina
436 3420 602 3504 provexit.
649 3421 750 3485 Illam
774 3422 880 3508 igitur
902 3423 1079 3510 dignitatis
1101 3426 1349 3511 prerogitivam,

295 3544 397 3607 quam
414 3522 662 3607 predecessores
686 3526 792 3591 nostri
814 3526 1103 3610 predecessoribus
1125 3529 1194 3593 tuis
1217 3529 1351 3594 catholi-

295 3628 341 3692 cis
365 3626 618 3712 imperatoribus
636 3637 883 3707 concesserunt,
900 3636 935 3695 et
950 3632 1205 3719 privilegiorum
1220 3632 1351 3718 paginis

294 3730 589 3808 confirmaverunt,
605 3753 667 3797 nos
682 3754 818 3818 quoque
835 3734 1010 3801 dilectioni
1025 3743 1103 3801 tuae
1126 3736 1350 3812 concedimus,

294 3841 330 3899 et
345 3836 509 3919 presentis
525 3836 697 3923 privilegii
712 3838 835 3924 pagina
858 3839 1101 3917 confirmamus,
1118 3847 1158 3906 ut
1179 3840 1275 3926 regni
1297 3840 1350 3905 tui

294 3939 459 4023 episcopis
482 3938 538 4004 vel
561 3938 736 4006 abbatibus
759 3940 862 4008 libere
886 3951 997 4027 preter
1017 3944 1215 4029 symoniam,
1230 3949 1266 4010 11
1283 3943 1350 4009 vio-

294 4042 434 4108 lentiam
457 4042 584 4121 electis,
607 4043 844 4111 investituram
867 4046 981 4134 virgae
1006 4054 1040 4112 11
1066 4049 1160 4112 anuli
1186 4047 1349 4114 conferas.
