3292 4809
184 583 186 588 ⁴
297 561 361 628 100
516 578 650 627 smnor
671 577 880 627 unnrmvnn
900 578 1130 629 nocormurs.

295 769 417 834 papam
445 748 583 833 recepit,
605 748 654 813 ita
683 748 714 813 ei
740 747 889 814 debitam
917 749 1140 815 reverentiam
1169 747 1354 827 exhibebit,

295 853 384 917 sicut
406 852 565 917 catholici
586 852 639 917 sui
662 859 888 918 antecessores
910 853 980 918 suis
1002 853 1178 919 catholicis
1202 860 1355 945 anteces-

295 956 424 1022 soribus
439 955 674 1022 exhibuerunt.
720 955 974 1023 Successoribus
989 978 1125 1042 quoque
1146 956 1216 1022 suis
1239 956 1355 1023 catho

294 1062 359 1127 lice
374 1059 579 1126 intrantibus
595 1059 734 1126 eandem
749 1061 972 1127 reverentiam
987 1061 1167 1127 exhibebit.

297 1201 300 1207 ·
340 1166 370 1229 2.
401 1165 448 1230 Et
470 1164 590 1230 reddet
614 1164 769 1230 dominus
792 1166 974 1251 imperator
998 1186 1112 1231 veram
1134 1186 1251 1251 paoem
1279 1172 1353 1231 tam

295 1269 430 1335 domino
459 1290 544 1354 pape
567 1268 765 1334 Alexandro
794 1291 897 1355 quam
920 1268 1074 1334 omnibus
1103 1269 1352 1335 successoribus

294 1358 424 1439 suiset
447 1374 512 1439 toti
537 1373 686 1438 Romana
710 1373 860 1439 ecclesie.

339 1478 369 1542 3.
401 1475 546 1542 Omnem
570 1497 651 1542 vero
680 1477 922 1562 possessionem
951 1484 987 1543 et
1015 1484 1248 1543 tenementum
1277 1479 1352 1545 sive

294 1580 484 1668 prefecturc
516 1580 588 1646 sive
625 1580 764 1646 alterius
801 1582 851 1647 rei
884 1603 987 1667 quam
1024 1582 1176 1647 Romana
1208 1582 1352 1648 ccclesia

294 1686 413 1752 habuit
434 1692 471 1752 et
495 1685 567 1771 ipse
593 1683 735 1751 abstuht
759 1707 819 1771 per
840 1707 876 1751 sc
898 1686 954 1752 vel
975 1707 1036 1771 per
1058 1686 1151 1764 alios,
1173 1685 1351 1753 bonafide

293 1791 452 1856 restituet
473 1789 504 1855 ei
525 1788 620 1855 salvo
643 1789 734 1854 omni
755 1789 828 1876 jure
851 1789 993 1875 imperii.
1038 1789 1190 1855 Ecclesia
1212 1811 1351 1876 quoque

294 1896 445 1961 Romana
467 1914 601 1959 omnem
622 1894 865 1979 possessionem
888 1900 923 1958 et
943 1900 1178 1959 tenementum
1203 1894 1297 1979 quod
1318 1896 1352 1960 ei

294 1999 433 2065 abstulit
447 2019 507 2084 per
521 2020 556 2063 sc
572 1997 628 2063 vel
642 2019 702 2083 per
716 1998 809 2075 alios,
824 1997 912 2063 bona
933 1996 999 2063 fide
1023 1998 1055 2063 ei
1075 1999 1234 2063 restituet
1254 1999 1351 2064 salvo

294 2103 386 2169 omni
400 2104 473 2190 jure
490 2103 640 2168 Romane
655 2101 804 2167 ecclesie.

337 2206 369 2272 4.
400 2206 630 2272 Possessiones
652 2205 762 2283 etiam,
779 2226 862 2290 quas
885 2204 1040 2271 dominus
1062 2206 1243 2291 imperator
1256 2207 1352 2273 resti·

294 2318 378 2389 tuet,
394 2311 438 2375 ad
451 2309 666 2376 retinendum
680 2308 822 2395 juvabit.

338 2413 368 2479 5.
399 2413 562 2479 Similiter
576 2420 613 2479 et
627 2412 801 2479 universos
816 2412 979 2479 vassallos
994 2414 1145 2492 ecclesie,
1157 2436 1241 2500 quos
1257 2436 1352 2481 occa·

293 2519 385 2585 sione
407 2517 570 2584 scismatis
594 2516 750 2581 dominus
772 2517 955 2603 imperator
976 2518 1119 2583 abstulit
1132 2518 1189 2585 vel
1210 2519 1350 2605 recepit,

294 2623 449 2688 dominus
464 2621 644 2707 imperator
654 2621 806 2686 absolvet
816 2629 852 2686 et
862 2621 998 2687 domino
1013 2643 1100 2707 pape
1111 2622 1348 2708 A(lcxandro)

293 2723 450 2788 restituet
465 2728 501 2786 et
516 2720 654 2786 ecclesie
671 2720 830 2786 Romane.

338 2826 369 2890 6.
399 2824 559 2891 Preterea
580 2823 736 2890 dominus
758 2824 938 2910 imperator
959 2832 996 2891 et
1017 2824 1174 2892 dominus
1195 2847 1283 2912 papa
1304 2827 1350 2892 ad

293 2930 453 2995 honorem
468 2935 503 2994 et
517 2928 593 3015 jura
609 2928 748 2994 ecclesie
764 2936 800 2994 et
813 2928 944 3014 imperii
958 2929 1187 2995 conservanda
1202 2952 1237 2995 se
1253 2931 1352 2998 vicis·

293 3033 358 3097 sim
379 3028 554 3117 juvabunt,
568 3028 724 3094 dominus
739 3051 825 3116 papa
839 3037 880 3094 ut
894 3029 1059 3116 benignus
1074 3038 1171 3116 pater
1185 3029 1351 3097 devotum

293 3145 329 3203 et
349 3135 557 3202 carissimum
575 3133 684 3197 filium
707 3140 743 3199 et
765 3135 1002 3218 imperatorem
1023 3134 1361 3215 christianissimum·

294 3238 449 3303 dominus
465 3258 544 3303 vero
561 3236 741 3322 imperator
755 3244 796 3302 ut
811 3236 955 3302 devotus
977 3237 1068 3303 filius
1091 3246 1127 3304 et
1148 3239 1351 3306 christianis·

293 3343 397 3407 simus
413 3342 593 3425 imperator
606 3340 770 3405 dilectum
781 3345 817 3404 et
830 3340 1053 3405 reverendum
1067 3349 1197 3427 patrem
1209 3350 1244 3408 et
1258 3342 1350 3409 beati

295 3446 388 3510 Petri
404 3444 576 3509 vicariurn.
1349 3437 1351 3442 ’

338 3548 367 3613 ’1.
400 3548 621 3634 Quecumque
638 3554 754 3614 autem
768 3554 917 3633 tempore
929 3548 1093 3614 scismatis
1105 3549 1156 3615 vel
1175 3551 1350 3617 occasione

293 3653 397 3738 ipsius
413 3660 473 3717 aut
489 3653 562 3718 sine
579 3652 694 3717 ordine
709 3652 882 3738 juditiario
897 3652 1046 3717 ecclesiis
1061 3675 1081 3718 a
1097 3652 1233 3718 domino
1247 3654 1351 3739 impe-

294 3765 402 3822 ratore
418 3757 474 3822 vel
489 3756 559 3821 suis
574 3763 655 3821 sunt
669 3756 789 3833 ablata,
806 3757 837 3822 ei
852 3756 1085 3822 restituentur.

339 3861 369 3925 8.
400 3860 545 3925 Domina
561 3861 662 3925 etiam
678 3859 857 3943 B(eatrix)
874 3860 1069 3946 imperatrix
1091 3860 1230 3945 recipiet
1245 3859 1350 3926 dorni-

294 3985 375 4029 num
399 3985 520 4050 papam
535 3962 811 4049 A(lexandrum)
836 3964 872 4027 in
895 3963 1099 4029 catholicum
1122 3970 1157 4028 et
1178 3963 1351 4038 universa·
