<?xml version="1.0" encoding="UTF-8"?>
<!DOCTYPE html PUBLIC "-//W3C//DTD XHTML 1.0 Transitional//EN"
    "http://www.w3.org/TR/xhtml1/DTD/xhtml1-transitional.dtd">
<html xmlns="http://www.w3.org/1999/xhtml" xml:lang="en" lang="en">
 <head>
  <title>
</title>
<meta http-equiv="Content-Type" content="text/html;charset=utf-8" />
  <meta name='ocr-system' content='tesseract 3.04.00' />
  <meta name='ocr-capabilities' content='ocr_page ocr_carea ocr_par ocr_line ocrx_word'/>
</head>
<body>
  <div class='ocr_page' id='page_1' title='image "./selectmediaeval01mathgoog_0035.png"; bbox 0 0 3292 4809; ppageno 0'>
   <div class='ocr_carea' id='block_1_1' title="bbox 449 628 1317 695">
    <p class='ocr_par' dir='ltr' id='par_1_1' title="bbox 449 628 1317 695">
     <span class='ocr_line' id='line_1_1' title="bbox 449 628 1317 695; baseline -0.002 0"><span class='ocrx_word' id='word_1_1' title='bbox 449 646 586 695; x_wconf 72' lang='lat' dir='ltr'><strong>ermon</strong></span> <span class='ocrx_word' id='word_1_2' title='bbox 608 643 656 695; x_wconf 90' lang='lat' dir='ltr'><strong>or</strong></span> <span class='ocrx_word' id='word_1_3' title='bbox 678 643 754 693; x_wconf 79' lang='lat' dir='ltr'><strong>ren</strong></span> <span class='ocrx_word' id='word_1_4' title='bbox 775 643 900 695; x_wconf 69' lang='lat' dir='ltr'><strong>saxos</strong></span> <span class='ocrx_word' id='word_1_5' title='bbox 922 643 1126 693; x_wconf 79' lang='lat' dir='ltr'><strong>rnreaoas.</strong></span> <span class='ocrx_word' id='word_1_6' title='bbox 1275 628 1317 693; x_wconf 81' lang='lat'><strong>29</strong></span> 
     </span>
    </p>
   </div>
   <div class='ocr_carea' id='block_1_2' title="bbox 258 810 1317 1213">
    <p class='ocr_par' dir='ltr' id='par_1_2' title="bbox 258 810 1317 1213">
     <span class='ocr_line' id='line_1_2' title="bbox 303 810 1316 881; baseline -0.003 0"><span class='ocrx_word' id='word_1_7' title='bbox 303 816 406 881; x_wconf 87' lang='lat' dir='ltr'><strong>Anno</strong></span> <span class='ocrx_word' id='word_1_8' title='bbox 418 814 585 880; x_wconf 92' lang='lat' dir='ltr'><strong>dominice</strong></span> <span class='ocrx_word' id='word_1_9' title='bbox 598 813 839 879; x_wconf 78' lang='lat' dir='ltr'><strong>incarnationis</strong></span> <span class='ocrx_word' id='word_1_10' title='bbox 855 811 1114 878; x_wconf 86' lang='lat' dir='ltr'>DCCOCLXII</span> <span class='ocrx_word' id='word_1_11' title='bbox 1130 810 1316 878; x_wconf 80' lang='lat' dir='ltr'><strong>indictione</strong></span> 
     </span>
     <span class='ocr_line' id='line_1_3' title="bbox 258 915 1316 1003; baseline -0.004 -17"><span class='ocrx_word' id='word_1_12' title='bbox 258 920 303 986; x_wconf 89' lang='lat' dir='ltr'><strong>V.</strong></span> <span class='ocrx_word' id='word_1_13' title='bbox 329 940 443 985; x_wconf 88' lang='lat' dir='ltr'><strong>mense</strong></span> <span class='ocrx_word' id='word_1_14' title='bbox 469 916 547 995; x_wconf 83' lang='lat' dir='ltr'><strong>feb,</strong></span> <span class='ocrx_word' id='word_1_15' title='bbox 575 917 667 981; x_wconf 87' lang='lat' dir='ltr'>XIII</span> <span class='ocrx_word' id='word_1_16' title='bbox 699 916 752 982; x_wconf 91' lang='lat' dir='ltr'><strong>die</strong></span> <span class='ocrx_word' id='word_1_17' title='bbox 779 915 930 1003; x_wconf 89' lang='lat' dir='ltr'><strong>ejusdem</strong></span> <span class='ocrx_word' id='word_1_18' title='bbox 960 916 1094 994; x_wconf 79' lang='lat' dir='ltr'><strong>mensis,</strong></span> <span class='ocrx_word' id='word_1_19' title='bbox 1120 935 1209 981; x_wconf 90' lang='lat' dir='ltr'><strong>anno</strong></span> <span class='ocrx_word' id='word_1_20' title='bbox 1235 938 1316 982; x_wconf 86' lang='lat' dir='ltr'><strong>vero</strong></span> 
     </span>
     <span class='ocr_line' id='line_1_4' title="bbox 258 1018 1317 1107; baseline -0.003 -19"><span class='ocrx_word' id='word_1_21' title='bbox 258 1024 374 1089; x_wconf 88' lang='lat' dir='ltr'><strong>domni</strong></span> <span class='ocrx_word' id='word_1_22' title='bbox 397 1023 535 1088; x_wconf 88' lang='lat' dir='ltr'><strong>Ottonis</strong></span> <span class='ocrx_word' id='word_1_23' title='bbox 550 1022 681 1107; x_wconf 87' lang='lat' dir='ltr'><strong>imperii</strong></span> <span class='ocrx_word' id='word_1_24' title='bbox 702 1021 918 1087; x_wconf 87' lang='lat' dir='ltr'><strong>invictissimi</strong></span> <span class='ocrx_word' id='word_1_25' title='bbox 933 1020 1143 1107; x_wconf 84' lang='lat' dir='ltr'><strong>imperatoris</strong></span> <span class='ocrx_word' id='word_1_26' title='bbox 1158 1018 1317 1086; x_wconf 86' lang='lat' dir='ltr'>XXVII⁰</span> 
     </span>
     <span class='ocr_line' id='line_1_5' title="bbox 258 1124 773 1213; baseline -0.006 -21"><span class='ocrx_word' id='word_1_27' title='bbox 258 1127 349 1194; x_wconf 81' lang='lat' dir='ltr'><strong>facta</strong></span> <span class='ocrx_word' id='word_1_28' title='bbox 364 1147 399 1193; x_wconf 92' lang='lat' dir='ltr'><strong>es</strong></span> <span class='ocrx_word' id='word_1_29' title='bbox 415 1126 477 1192; x_wconf 91' lang='lat' dir='ltr'><strong>hec</strong></span> <span class='ocrx_word' id='word_1_30' title='bbox 492 1126 603 1213; x_wconf 90' lang='lat' dir='ltr'><strong>pactio</strong></span> <span class='ocrx_word' id='word_1_31' title='bbox 618 1124 773 1193; x_wconf 84' lang='lat' dir='ltr'><strong>feliciter.</strong></span> 
     </span>
    </p>
   </div>
   <div class='ocr_carea' id='block_1_3' title="bbox 715 1322 855 1351">
    <p class='ocr_par' dir='ltr' id='par_1_3' title="bbox 715 1322 855 1351">
     <span class='ocr_line' id='line_1_6' title="bbox 715 1322 855 1351; baseline 0 0"><span class='ocrx_word' id='word_1_32' title='bbox 715 1322 855 1351; x_wconf 75' lang='lat'><strong>-000-</strong></span> 
     </span>
    </p>
   </div>
   <div class='ocr_carea' id='block_1_4' title="bbox 465 1472 1122 1683">
    <p class='ocr_par' dir='ltr' id='par_1_4' title="bbox 465 1472 1122 1683">
     <span class='ocr_line' id='line_1_7' title="bbox 489 1472 1091 1541; baseline -0.003 -4"><span class='ocrx_word' id='word_1_33' title='bbox 489 1473 673 1537; x_wconf 69' lang='lat' dir='ltr'><strong>mouet</strong></span> <span class='ocrx_word' id='word_1_34' title='bbox 696 1473 740 1537; x_wconf 80' lang='lat' dir='ltr'><strong>OF</strong></span> <span class='ocrx_word' id='word_1_35' title='bbox 765 1472 862 1537; x_wconf 75' lang='lat' dir='ltr'><strong>tenu</strong></span> <span class='ocrx_word' id='word_1_36' title='bbox 883 1472 968 1536; x_wconf 82' lang='lat' dir='ltr'><strong>xm.</strong></span> <span class='ocrx_word' id='word_1_37' title='bbox 995 1473 1091 1541; x_wconf 82' lang='grc'>(966).</span> 
     </span>
     <span class='ocr_line' id='line_1_8' title="bbox 465 1616 1122 1683; baseline -0.002 -13"><span class='ocrx_word' id='word_1_38' title='bbox 465 1619 645 1683; x_wconf 81' lang='lat' dir='ltr'><strong>[GontInuator</strong></span> <span class='ocrx_word' id='word_1_39' title='bbox 655 1620 794 1681; x_wconf 80' lang='lat' dir='ltr'><strong>Reginonis</strong></span> <span class='ocrx_word' id='word_1_40' title='bbox 800 1635 806 1679; x_wconf 88' lang='lat'>;</span> <span class='ocrx_word' id='word_1_41' title='bbox 823 1620 859 1667; x_wconf 86' lang='grc' dir='ltr'><strong>Μ.</strong></span> <span class='ocrx_word' id='word_1_42' title='bbox 871 1618 902 1668; x_wconf 83' lang='lat' dir='ltr'><strong>G.</strong></span> <span class='ocrx_word' id='word_1_43' title='bbox 913 1620 957 1678; x_wconf 71' lang='lat'><strong>11,</strong></span> <span class='ocrx_word' id='word_1_44' title='bbox 969 1619 1014 1669; x_wconf 79' lang='lat' dir='ltr'><strong>SS.</strong></span> <span class='ocrx_word' id='word_1_45' title='bbox 1025 1620 1046 1667; x_wconf 92' lang='lat'><strong>1.</strong></span> <span class='ocrx_word' id='word_1_46' title='bbox 1057 1616 1122 1679; x_wconf 67' lang='lat'><strong>627]</strong></span> 
     </span>
    </p>
   </div>
   <div class='ocr_carea' id='block_1_5' title="bbox 250 1756 1391 2778">
    <p class='ocr_par' dir='ltr' id='par_1_5' title="bbox 250 1756 1391 2778">
     <span class='ocr_line' id='line_1_9' title="bbox 304 1756 1315 1844; baseline -0.003 -18"><span class='ocrx_word' id='word_1_47' title='bbox 304 1760 432 1827; x_wconf 86' lang='lat' dir='ltr'><strong>Eodem</strong></span> <span class='ocrx_word' id='word_1_48' title='bbox 455 1762 558 1827; x_wconf 91' lang='lat' dir='ltr'><strong>etiam</strong></span> <span class='ocrx_word' id='word_1_49' title='bbox 584 1780 672 1825; x_wconf 91' lang='lat' dir='ltr'><strong>anno</strong></span> <span class='ocrx_word' id='word_1_50' title='bbox 699 1759 844 1825; x_wconf 90' lang='lat' dir='ltr'><strong>domnus</strong></span> <span class='ocrx_word' id='word_1_51' title='bbox 871 1758 940 1824; x_wconf 90' lang='lat' dir='ltr'><strong>Leo</strong></span> <span class='ocrx_word' id='word_1_52' title='bbox 966 1779 1053 1844; x_wconf 89' lang='lat' dir='ltr'><strong>papa</strong></span> <span class='ocrx_word' id='word_1_53' title='bbox 1077 1756 1171 1823; x_wconf 90' lang='lat' dir='ltr'><strong>obiit.</strong></span> <span class='ocrx_word' id='word_1_54' title='bbox 1216 1756 1315 1823; x_wconf 85' lang='lat' dir='ltr'><strong>Tunc</strong></span> 
     </span>
     <span class='ocr_line' id='line_1_10' title="bbox 259 1861 1317 1953; baseline -0.004 -22"><span class='ocrx_word' id='word_1_55' title='bbox 259 1866 363 1953; x_wconf 87' lang='lat' dir='ltr'><strong>legati</strong></span> <span class='ocrx_word' id='word_1_56' title='bbox 394 1866 630 1941; x_wconf 89' lang='lat' dir='ltr'><strong>Romanorum,</strong></span> <span class='ocrx_word' id='word_1_57' title='bbox 661 1864 735 1929; x_wconf 81' lang='lat' dir='ltr'><strong>Ano</strong></span> <span class='ocrx_word' id='word_1_58' title='bbox 766 1863 926 1929; x_wconf 87' lang='lat' dir='ltr'><strong>videlicet</strong></span> <span class='ocrx_word' id='word_1_59' title='bbox 961 1861 1250 1948; x_wconf 79' lang='lat' dir='ltr'><strong>protoscrinarius,</strong></span> <span class='ocrx_word' id='word_1_60' title='bbox 1281 1867 1317 1927; x_wconf 89' lang='lat' dir='ltr'><strong>et</strong></span> 
     </span>
     <span class='ocr_line' id='line_1_11' title="bbox 259 1966 1316 2052; baseline -0.002 -21"><span class='ocrx_word' id='word_1_61' title='bbox 259 1967 425 2045; x_wconf 90' lang='lat' dir='ltr'><strong>Marinus,</strong></span> <span class='ocrx_word' id='word_1_62' title='bbox 457 1968 641 2035; x_wconf 85' lang='lat' dir='ltr'><strong>Sutriensis</strong></span> <span class='ocrx_word' id='word_1_63' title='bbox 675 1968 833 2032; x_wconf 90' lang='lat' dir='ltr'><strong>ecclesiae</strong></span> <span class='ocrx_word' id='word_1_64' title='bbox 868 1968 1054 2052; x_wconf 88' lang='lat' dir='ltr'><strong>episcopus,</strong></span> <span class='ocrx_word' id='word_1_65' title='bbox 1081 1966 1316 2051; x_wconf 81' lang='lat' dir='ltr'><strong>imperatorem</strong></span> 
     </span>
     <span class='ocr_line' id='line_1_12' title="bbox 260 2067 1318 2154; baseline 0.001 -23"><span class='ocrx_word' id='word_1_66' title='bbox 260 2088 319 2153; x_wconf 93' lang='lat' dir='ltr'><strong>pro</strong></span> <span class='ocrx_word' id='word_1_67' title='bbox 335 2068 545 2133; x_wconf 89' lang='lat' dir='ltr'><strong>instituendo</strong></span> <span class='ocrx_word' id='word_1_68' title='bbox 561 2089 662 2153; x_wconf 94' lang='lat' dir='ltr'><strong>quem</strong></span> <span class='ocrx_word' id='word_1_69' title='bbox 677 2070 783 2135; x_wconf 86' lang='lat' dir='ltr'><strong>vellet</strong></span> <span class='ocrx_word' id='word_1_70' title='bbox 803 2069 955 2134; x_wconf 88' lang='lat' dir='ltr'><strong>Romano</strong></span> <span class='ocrx_word' id='word_1_71' title='bbox 977 2068 1134 2154; x_wconf 86' lang='lat' dir='ltr'><strong>pontifice</strong></span> <span class='ocrx_word' id='word_1_72' title='bbox 1157 2070 1193 2132; x_wconf 96' lang='lat' dir='ltr'><strong>in</strong></span> <span class='ocrx_word' id='word_1_73' title='bbox 1217 2067 1318 2133; x_wconf 83' lang='lat' dir='ltr'><strong>Saxo</strong></span> 
     </span>
     <span class='ocr_line' id='line_1_13' title="bbox 259 2171 1391 2259; baseline 0 -22"><span class='ocrx_word' id='word_1_74' title='bbox 259 2172 317 2237; x_wconf 92' lang='lat' dir='ltr'><strong>nia</strong></span> <span class='ocrx_word' id='word_1_75' title='bbox 347 2171 520 2249; x_wconf 75' lang='lat' dir='ltr'><strong>adeuntes,</strong></span> <span class='ocrx_word' id='word_1_76' title='bbox 551 2172 733 2238; x_wconf 90' lang='lat' dir='ltr'><strong>honorifice</strong></span> <span class='ocrx_word' id='word_1_77' title='bbox 763 2174 997 2259; x_wconf 87' lang='lat' dir='ltr'><strong>suscipiuntur</strong></span> <span class='ocrx_word' id='word_1_78' title='bbox 1023 2180 1059 2237; x_wconf 90' lang='lat' dir='ltr'><strong>et</strong></span> <span class='ocrx_word' id='word_1_79' title='bbox 1083 2173 1316 2238; x_wconf 90' lang='lat' dir='ltr'><strong>remittuntur.</strong></span> <span class='ocrx_word' id='word_1_80' title='bbox 1384 2214 1391 2227; x_wconf 79' lang='lat'><strong>·</strong></span> 
     </span>
     <span class='ocr_line' id='line_1_14' title="bbox 260 2274 1316 2364; baseline 0.002 -24"><span class='ocrx_word' id='word_1_81' title='bbox 260 2274 309 2341; x_wconf 86' lang='lat' dir='ltr'><strong>Et</strong></span> <span class='ocrx_word' id='word_1_82' title='bbox 323 2276 483 2364; x_wconf 86' lang='lat' dir='ltr'><strong>Otgerus,</strong></span> <span class='ocrx_word' id='word_1_83' title='bbox 499 2275 663 2361; x_wconf 88' lang='lat' dir='ltr'><strong>Spirensis</strong></span> <span class='ocrx_word' id='word_1_84' title='bbox 687 2277 871 2362; x_wconf 88' lang='lat' dir='ltr'><strong>episcopus,</strong></span> <span class='ocrx_word' id='word_1_85' title='bbox 891 2284 927 2342; x_wconf 87' lang='lat' dir='ltr'><strong>et</strong></span> <span class='ocrx_word' id='word_1_86' title='bbox 948 2276 1064 2353; x_wconf 85' lang='lat' dir='ltr'><strong>Liuzo,</strong></span> <span class='ocrx_word' id='word_1_87' title='bbox 1082 2275 1316 2343; x_wconf 83' lang='lat' dir='ltr'><strong>Cremonensis</strong></span> 
     </span>
     <span class='ocr_line' id='line_1_15' title="bbox 260 2371 1317 2468; baseline 0 -22"><span class='ocrx_word' id='word_1_88' title='bbox 260 2380 446 2466; x_wconf 90' lang='lat' dir='ltr'><strong>episcopus,</strong></span> <span class='ocrx_word' id='word_1_89' title='bbox 465 2402 543 2446; x_wconf 94' lang='lat' dir='ltr'><strong>cum</strong></span> <span class='ocrx_word' id='word_1_90' title='bbox 567 2380 694 2446; x_wconf 89' lang='lat' dir='ltr'><strong>eisdem</strong></span> <span class='ocrx_word' id='word_1_91' title='bbox 718 2371 860 2445; x_wconf 87' lang='lat' dir='ltr'><strong>Romam</strong></span> <span class='ocrx_word' id='word_1_92' title='bbox 883 2380 926 2445; x_wconf 91' lang='lat' dir='ltr'><strong>ab</strong></span> <span class='ocrx_word' id='word_1_93' title='bbox 948 2381 1146 2465; x_wconf 88' lang='lat' dir='ltr'><strong>imperatore</strong></span> <span class='ocrx_word' id='word_1_94' title='bbox 1170 2380 1317 2468; x_wconf 85' lang='lat' dir='ltr'><strong>dirigun-</strong></span> 
     </span>
     <span class='ocr_line' id='line_1_16' title="bbox 261 2483 1319 2569; baseline -0.002 -20"><span class='ocrx_word' id='word_1_95' title='bbox 261 2491 328 2549; x_wconf 86' lang='lat' dir='ltr'><strong>tur.</strong></span> <span class='ocrx_word' id='word_1_96' title='bbox 375 2485 472 2549; x_wconf 90' lang='lat' dir='ltr'><strong>Tunc</strong></span> <span class='ocrx_word' id='word_1_97' title='bbox 502 2484 544 2549; x_wconf 90' lang='lat' dir='ltr'><strong>ab</strong></span> <span class='ocrx_word' id='word_1_98' title='bbox 574 2485 665 2548; x_wconf 92' lang='lat' dir='ltr'><strong>omni</strong></span> <span class='ocrx_word' id='word_1_99' title='bbox 688 2483 785 2569; x_wconf 89' lang='lat' dir='ltr'><strong>plebe</strong></span> <span class='ocrx_word' id='word_1_100' title='bbox 810 2484 961 2549; x_wconf 88' lang='lat' dir='ltr'><strong>Romana</strong></span> <span class='ocrx_word' id='word_1_101' title='bbox 987 2484 1168 2561; x_wconf 81' lang='lat' dir='ltr'><strong>Iohannes,</strong></span> <span class='ocrx_word' id='word_1_102' title='bbox 1199 2484 1319 2549; x_wconf 89' lang='lat' dir='ltr'><strong>Narni-</strong></span> 
     </span>
     <span class='ocr_line' id='line_1_17' title="bbox 261 2587 1316 2676; baseline 0.002 -23"><span class='ocrx_word' id='word_1_103' title='bbox 261 2587 349 2653; x_wconf 91' lang='lat' dir='ltr'><strong>ensis</strong></span> <span class='ocrx_word' id='word_1_104' title='bbox 376 2588 535 2653; x_wconf 89' lang='lat' dir='ltr'><strong>ecclesiae</strong></span> <span class='ocrx_word' id='word_1_105' title='bbox 562 2589 747 2673; x_wconf 91' lang='lat' dir='ltr'><strong>episcopus,</strong></span> <span class='ocrx_word' id='word_1_106' title='bbox 774 2588 923 2676; x_wconf 87' lang='lat' dir='ltr'><strong>eligitur,</strong></span> <span class='ocrx_word' id='word_1_107' title='bbox 950 2595 986 2654; x_wconf 92' lang='lat' dir='ltr'><strong>et</strong></span> <span class='ocrx_word' id='word_1_108' title='bbox 1014 2587 1087 2654; x_wconf 91' lang='lat' dir='ltr'><strong>sedi</strong></span> <span class='ocrx_word' id='word_1_109' title='bbox 1116 2588 1316 2674; x_wconf 86' lang='lat' dir='ltr'><strong>apostolicae</strong></span> 
     </span>
     <span class='ocr_line' id='line_1_18' title="bbox 250 2689 673 2778; baseline 0 -22"><span class='ocrx_word' id='word_1_110' title='bbox 250 2689 416 2778; x_wconf 79' lang='lat' dir='ltr'><strong>&#39;pontifex</strong></span> <span class='ocrx_word' id='word_1_111' title='bbox 440 2692 673 2758; x_wconf 83' lang='lat' dir='ltr'><strong>intronizatur.</strong></span> 
     </span>
    </p>
   </div>
   <div class='ocr_carea' id='block_1_6' title="bbox 720 2867 858 2895">
    <p class='ocr_par' dir='ltr' id='par_1_6' title="bbox 720 2867 858 2895">
     <span class='ocr_line' id='line_1_19' title="bbox 720 2867 858 2895; baseline 0 0"><span class='ocrx_word' id='word_1_112' title='bbox 720 2867 858 2895; x_wconf 76' lang='lat'>—000-</span> 
     </span>
    </p>
   </div>
   <div class='ocr_carea' id='block_1_7' title="bbox 305 3011 1272 3184">
    <p class='ocr_par' dir='ltr' id='par_1_7' title="bbox 305 3011 1272 3184">
     <span class='ocr_line' id='line_1_20' title="bbox 305 3011 1272 3104; baseline 0 -29"><span class='ocrx_word' id='word_1_113' title='bbox 305 3011 403 3077; x_wconf 78' lang='lat' dir='ltr'>POUR</span> <span class='ocrx_word' id='word_1_114' title='bbox 424 3011 588 3076; x_wconf 67' lang='lat' dir='ltr'><strong>uacuum</strong></span> <span class='ocrx_word' id='word_1_115' title='bbox 612 3011 656 3075; x_wconf 77' lang='grc' dir='ltr'><strong>ΟΡ</strong></span> <span class='ocrx_word' id='word_1_116' title='bbox 679 3012 753 3104; x_wconf 68' lang='grc' dir='ltr'><strong>ΤΗΒ</strong></span> <span class='ocrx_word' id='word_1_117' title='bbox 776 3012 897 3076; x_wconf 72' lang='grc' dir='ltr'>ΒΥΠΟΙ)</span> <span class='ocrx_word' id='word_1_118' title='bbox 919 3013 970 3075; x_wconf 79' lang='grc' dir='ltr'><strong>ΔΤ</strong></span> <span class='ocrx_word' id='word_1_119' title='bbox 994 3012 1272 3077; x_wconf 69' lang='lat' dir='ltr'><strong>ermenmarus</strong></span> 
     </span>
     <span class='ocr_line' id='line_1_21' title="bbox 734 3119 847 3184; baseline -0.053 0"><span class='ocrx_word' id='word_1_120' title='bbox 734 3119 847 3184; x_wconf 84' lang='lat'>(1022).</span> 
     </span>
    </p>
   </div>
   <div class='ocr_carea' id='block_1_8' title="bbox 261 3257 1317 3902">
    <p class='ocr_par' dir='ltr' id='par_1_8' title="bbox 261 3257 1317 3902">
     <span class='ocr_line' id='line_1_22' title="bbox 453 3257 1128 3321; baseline -0.001 -13"><span class='ocrx_word' id='word_1_121' title='bbox 453 3259 701 3321; x_wconf 79' lang='lat' dir='ltr'><strong>[Hirsch-Bressiau3</strong></span> <span class='ocrx_word' id='word_1_122' title='bbox 718 3259 841 3307; x_wconf 88' lang='lat' dir='ltr'><strong>Heinrich</strong></span> <span class='ocrx_word' id='word_1_123' title='bbox 852 3261 895 3315; x_wconf 73' lang='lat'><strong>11,</strong></span> <span class='ocrx_word' id='word_1_124' title='bbox 906 3260 1068 3318; x_wconf 80' lang='lat' dir='ltr'><strong>n1.,Exour.</strong></span> <span class='ocrx_word' id='word_1_125' title='bbox 1079 3257 1128 3321; x_wconf 84' lang='lat' dir='ltr'><strong>ix.]</strong></span> 
     </span>
     <span class='ocr_line' id='line_1_23' title="bbox 444 3396 1138 3484; baseline 0.001 -22"><span class='ocrx_word' id='word_1_126' title='bbox 444 3398 544 3464; x_wconf 89' lang='lat' dir='ltr'>XVI.</span> <span class='ocrx_word' id='word_1_127' title='bbox 575 3398 626 3462; x_wconf 85' lang='lat' dir='ltr'><strong>De</strong></span> <span class='ocrx_word' id='word_1_128' title='bbox 642 3398 711 3462; x_wconf 84' lang='lat' dir='ltr'><strong>illis</strong></span> <span class='ocrx_word' id='word_1_129' title='bbox 728 3398 785 3484; x_wconf 82' lang='lat' dir='ltr'><strong>qui</strong></span> <span class='ocrx_word' id='word_1_130' title='bbox 799 3396 939 3463; x_wconf 83' lang='lat' dir='ltr'><strong>Romam</strong></span> <span class='ocrx_word' id='word_1_131' title='bbox 953 3399 1037 3463; x_wconf 81' lang='lat' dir='ltr'><strong>ituri</strong></span> <span class='ocrx_word' id='word_1_132' title='bbox 1052 3410 1138 3469; x_wconf 79' lang='lat' dir='ltr'><strong>suat.</strong></span> 
     </span>
     <span class='ocr_line' id='line_1_24' title="bbox 305 3534 1317 3621; baseline 0.001 -21"><span class='ocrx_word' id='word_1_133' title='bbox 305 3535 468 3603; x_wconf 88' lang='lat' dir='ltr'><strong>Decrevit</strong></span> <span class='ocrx_word' id='word_1_134' title='bbox 489 3542 606 3600; x_wconf 82' lang='lat' dir='ltr'><strong>sancte</strong></span> <span class='ocrx_word' id='word_1_135' title='bbox 627 3534 788 3621; x_wconf 88' lang='lat' dir='ltr'><strong>synodus,</strong></span> <span class='ocrx_word' id='word_1_136' title='bbox 811 3543 853 3599; x_wconf 94' lang='lat' dir='ltr'><strong>ut</strong></span> <span class='ocrx_word' id='word_1_137' title='bbox 874 3536 989 3601; x_wconf 87' lang='lat' dir='ltr'><strong>nullus</strong></span> <span class='ocrx_word' id='word_1_138' title='bbox 1013 3536 1154 3601; x_wconf 89' lang='lat' dir='ltr'><strong>Romam</strong></span> <span class='ocrx_word' id='word_1_139' title='bbox 1174 3543 1230 3604; x_wconf 90' lang='lat' dir='ltr'><strong>eat</strong></span> <span class='ocrx_word' id='word_1_140' title='bbox 1252 3538 1317 3603; x_wconf 92' lang='lat' dir='ltr'><strong>nisi</strong></span> 
     </span>
     <span class='ocr_line' id='line_1_25' title="bbox 261 3640 1023 3726; baseline -0.003 -21"><span class='ocrx_word' id='word_1_141' title='bbox 261 3661 340 3705; x_wconf 89' lang='lat' dir='ltr'><strong>cum</strong></span> <span class='ocrx_word' id='word_1_142' title='bbox 355 3640 493 3705; x_wconf 86' lang='lat' dir='ltr'><strong>licentia</strong></span> <span class='ocrx_word' id='word_1_143' title='bbox 508 3641 655 3726; x_wconf 90' lang='lat' dir='ltr'><strong>episcopi</strong></span> <span class='ocrx_word' id='word_1_144' title='bbox 670 3641 724 3704; x_wconf 90' lang='lat' dir='ltr'><strong>sui</strong></span> <span class='ocrx_word' id='word_1_145' title='bbox 739 3640 794 3706; x_wconf 88' lang='lat' dir='ltr'><strong>vel</strong></span> <span class='ocrx_word' id='word_1_146' title='bbox 810 3640 882 3726; x_wconf 89' lang='lat' dir='ltr'><strong>ejus</strong></span> <span class='ocrx_word' id='word_1_147' title='bbox 897 3640 1023 3706; x_wconf 87' lang='lat' dir='ltr'><strong>vicarii.</strong></span> 
     </span>
     <span class='ocr_line' id='line_1_26' title="bbox 393 3809 1190 3902; baseline 0.001 -28"><span class='ocrx_word' id='word_1_148' title='bbox 393 3809 511 3877; x_wconf 89' lang='lat' dir='ltr'>XVII.</span> <span class='ocrx_word' id='word_1_149' title='bbox 549 3810 592 3876; x_wconf 82' lang='lat' dir='ltr'><strong>Ut</strong></span> <span class='ocrx_word' id='word_1_150' title='bbox 607 3811 721 3875; x_wconf 79' lang='lat' dir='ltr'><strong>carina</strong></span> <span class='ocrx_word' id='word_1_151' title='bbox 736 3833 801 3875; x_wconf 77' lang='lat' dir='ltr'><strong>aon</strong></span> <span class='ocrx_word' id='word_1_152' title='bbox 816 3812 989 3876; x_wconf 81' lang='lat' dir='ltr'><strong>dividatur</strong></span> <span class='ocrx_word' id='word_1_153' title='bbox 999 3812 1190 3902; x_wconf 80' lang='lat' dir='ltr'><strong>poenitenti.</strong></span> 
     </span>
    </p>
   </div>
   <div class='ocr_carea' id='block_1_9' title="bbox 306 3947 1320 4037">
    <p class='ocr_par' dir='ltr' id='par_1_9' title="bbox 306 3947 1320 4037">
     <span class='ocr_line' id='line_1_27' title="bbox 306 3947 1320 4037; baseline 0.005 -25"><span class='ocrx_word' id='word_1_154' title='bbox 306 3947 400 4014; x_wconf 91' lang='lat' dir='ltr'><strong>Illud</strong></span> <span class='ocrx_word' id='word_1_155' title='bbox 414 3947 477 4014; x_wconf 93' lang='lat' dir='ltr'><strong>sub</strong></span> <span class='ocrx_word' id='word_1_156' title='bbox 492 3948 703 4014; x_wconf 88' lang='lat' dir='ltr'><strong>anathemate</strong></span> <span class='ocrx_word' id='word_1_157' title='bbox 719 3948 893 4015; x_wconf 90' lang='lat' dir='ltr'><strong>decretum</strong></span> <span class='ocrx_word' id='word_1_158' title='bbox 909 3955 970 4026; x_wconf 86' lang='lat' dir='ltr'><strong>est,</strong></span> <span class='ocrx_word' id='word_1_159' title='bbox 986 3957 1027 4014; x_wconf 93' lang='lat' dir='ltr'><strong>ut</strong></span> <span class='ocrx_word' id='word_1_160' title='bbox 1048 3949 1165 4016; x_wconf 92' lang='lat' dir='ltr'><strong>nullus</strong></span> <span class='ocrx_word' id='word_1_161' title='bbox 1187 3950 1320 4037; x_wconf 86' lang='lat' dir='ltr'><strong>presby·</strong></span> 
     </span>
    </p>
   </div>
   <div class='ocr_carea' id='block_1_10' title="bbox 261 4052 1419 4142">
    <p class='ocr_par' dir='ltr' id='par_1_10' title="bbox 261 4052 1419 4142">
     <span class='ocr_line' id='line_1_28' title="bbox 261 4052 1419 4142; baseline 0.003 -24"><span class='ocrx_word' id='word_1_162' title='bbox 261 4059 413 4118; x_wconf 88' lang='lat' dir='ltr'><strong>terarum</strong></span> <span class='ocrx_word' id='word_1_163' title='bbox 425 4053 583 4137; x_wconf 91' lang='lat' dir='ltr'><strong>cuiquam</strong></span> <span class='ocrx_word' id='word_1_164' title='bbox 596 4054 783 4138; x_wconf 88' lang='lat' dir='ltr'><strong>poenitenti</strong></span> <span class='ocrx_word' id='word_1_165' title='bbox 795 4054 943 4119; x_wconf 88' lang='lat' dir='ltr'><strong>carinam</strong></span> <span class='ocrx_word' id='word_1_166' title='bbox 955 4052 1104 4120; x_wconf 86' lang='lat' dir='ltr'><strong>dividere</strong></span> <span class='ocrx_word' id='word_1_167' title='bbox 1115 4061 1318 4142; x_wconf 88' lang='lat' dir='ltr'><strong>praesumat,</strong></span> <span class='ocrx_word' id='word_1_168' title='bbox 1416 4095 1419 4101; x_wconf 94' lang='lat'>·</span> 
     </span>
    </p>
   </div>
   <div class='ocr_carea' id='block_1_11' title="bbox 262 4155 726 4222">
    <p class='ocr_par' dir='ltr' id='par_1_11' title="bbox 262 4155 726 4222">
     <span class='ocr_line' id='line_1_29' title="bbox 262 4155 726 4222; baseline -0.002 -1"><span class='ocrx_word' id='word_1_169' title='bbox 262 4157 328 4222; x_wconf 92' lang='lat' dir='ltr'><strong>nisi</strong></span> <span class='ocrx_word' id='word_1_170' title='bbox 343 4156 521 4222; x_wconf 88' lang='lat' dir='ltr'><strong>infirmitas</strong></span> <span class='ocrx_word' id='word_1_171' title='bbox 536 4155 726 4222; x_wconf 87' lang='lat' dir='ltr'><strong>intercidat.</strong></span> 
     </span>
    </p>
   </div>
   <div class='ocr_carea' id='block_1_12' title="bbox 0 0 1655 4809">
    <p class='ocr_par' dir='ltr' id='par_1_12' title="bbox 0 0 1655 4809">
     <span class='ocr_line' id='line_1_30' title="bbox 0 0 1655 4809; baseline 0 0"><span class='ocrx_word' id='word_1_172' title='bbox 0 0 1655 4809; x_wconf 95' lang='lat' dir='ltr'><strong> </strong></span> 
     </span>
    </p>
   </div>
  </div>
 </body>
</html>
