3292 4809
536 613 611 661 rur
632 611 936 663 uonnnsraurnn
958 613 1105 665 rnnron,
1284 597 1347 665 107

292 783 484 871 principum
497 780 640 848 nuncios
656 780 828 849 adsedem
848 783 1066 869 apostolicam
1089 782 1275 849 destinatos
1296 784 1350 850 be

292 889 396 977 nigne
411 886 609 971 recepimus,
626 893 662 952 et
676 887 724 953 eis
740 886 938 953 benevolam
961 886 1121 952 duximus
1142 886 1348 954 audientiam

292 990 547 1079 indulgendam.
592 990 721 1057 Literas
749 1012 896 1077 quoque,
922 1012 1007 1077 quas
1035 1014 1096 1078 per
1124 1013 1181 1058 eos
1211 992 1349 1078 quidem

293 1096 422 1162 nobiles
437 1095 606 1183 principes
622 1094 846 1174 destinarunt,
860 1095 1042 1183 diligenter
1053 1095 1181 1185 perlegi
1196 1096 1348 1175 fecimus,

293 1207 329 1267 et
345 1221 431 1286 quae
447 1198 708 1266 continebantur
722 1200 758 1264 in
773 1200 822 1266 eis
837 1200 1030 1266 notavimus
1042 1200 1209 1266 universa.
1254 1201 1349 1267 Inter

294 1311 405 1371 cetera
427 1326 507 1371 vero
530 1304 667 1390 quidam
689 1305 858 1391 principes
880 1304 943 1370 hae
965 1305 1139 1390 praecipue
1164 1305 1348 1391 objectione

293 1415 376 1474 sunt
391 1410 453 1486 usi,
470 1407 631 1486 dicentes,
651 1407 744 1494 quod
765 1408 966 1474 venerabilis
988 1407 1094 1475 irater
1115 1416 1230 1474 noster
1252 1409 1350 1475 Prae·

294 1513 447 1579 nestinus
462 1514 638 1599 episcopus
654 1513 855 1598 apostolicae
870 1512 959 1579 sedis
973 1512 1107 1600 legatus
1124 1520 1184 1578 aut
1195 1513 1349 1579 electoris

295 1617 400 1703 gessit
414 1624 475 1682 aut
496 1617 679 1705 cognitoris
701 1638 897 1702 personam3
919 1617 949 1683 si
971 1616 1135 1694 electoris,
1150 1617 1186 1682 in
1207 1638 1349 1683 messem

294 1721 437 1786 alienam
463 1720 600 1786 miserat
625 1720 747 1786 falcem
767 1741 874 1799 suam,
897 1727 932 1786 et
953 1720 1113 1787 electioni
1134 1741 1170 1787 se
1192 1721 1350 1811 ingerens

294 1824 486 1908 principum
502 1821 725 1908 derogaverat
743 1821 925 1908 dignitati3
953 1821 983 1886 si
1001 1820 1196 1907 cognitoris,
1212 1820 1350 1885 absente

294 1927 400 1991 altera
409 1927 569 2011 partium,
579 1925 717 1991 videtur
726 1946 902 2011 perperam
911 1925 1121 2009 processisse,
1131 1946 1236 2010 quum
1247 1926 1352 1990 citata

294 2051 364 2095 non
375 2029 491 2107 fuerit,
504 2037 539 2094 et
551 2028 628 2095 ideo
639 2051 710 2094 non
721 2028 824 2094 debet
835 2034 1019 2094 contumax
1030 2028 1186 2114 judicari.
1220 2028 1351 2093 Verum

297 2149 370 2206 nos,
387 2129 447 2215 qui
461 2127 647 2194 secundum
670 2130 846 2215 apostolici
868 2130 1041 2196 servitutis
1064 2129 1211 2196 officium
1233 2152 1350 2197 sumus
1468 2136 1470 2139 ’

297 2235 440 2323 singulis
455 2235 491 2300 in
506 2236 637 2322 justitia
652 2235 828 2313 debitores,
843 2236 934 2301 sicut
950 2236 1116 2323 justitiam
1138 2243 1287 2303 nostram
1309 2237 1351 2303 ab

295 2339 371 2405 aliis
387 2339 543 2405 nolumus
558 2339 723 2425 usurpari,
739 2340 787 2406 sic
802 2339 856 2425 jus
871 2340 1061 2426 principum
1077 2341 1171 2407 nobis
1192 2341 1350 2407 nolumus
1460 2355 1469 2375 ·

296 2443 477 2509 vindicare.
523 2444 652 2509 Verum
681 2444 750 2509 illis
779 2444 986 2530 principibus
1012 2444 1066 2531 jus
1091 2452 1127 2511 et
1149 2452 1351 2531 potestatem

295 2547 444 2636 eligendi
466 2570 588 2636 regem,
607 2549 644 2612 in
666 2548 900 2634 imperatorem
921 2549 1137 2634 postmodum
1158 2572 1352 2636 promoven·

296 2650 388 2730 dum,
410 2652 688 2741 recognoscimus,
711 2660 752 2719 ut
777 2652 948 2732 debemus,
970 2652 1014 2719 ad
1040 2675 1125 2740 quos
1151 2653 1194 2721 de
1215 2655 1289 2741 jure
1312 2678 1350 2722 ac

296 2757 436 2843 antiqua
466 2756 710 2824 consuetudine
746 2758 897 2825 noscitur
925 2759 1115 2844 pertinere3
1145 2761 1349 2845 praesertim,

296 2882 404 2947 quum
426 2860 470 2926 ad
491 2883 547 2927 eos
569 2863 622 2948 jus
646 2870 681 2928 et
706 2870 855 2949 potestas
880 2863 1075 2951 hujusmodi
1101 2863 1142 2929 ab
1168 2865 1351 2951 apostolica

296 2964 375 3032 sede
389 2967 590 3051 pervenerit,
608 2988 694 3053 quae
711 2967 902 3034 Romanum
916 2968 1096 3054 imperium
1118 2968 1154 3032 in
1175 2990 1350 3054 personam

296 3069 466 3158 magnifici
482 3069 596 3136 Caroli
611 3093 630 3136 a
646 3070 785 3138 Graecis
799 3072 977 3138 transtulit
991 3072 1027 3137 in
1044 3072 1239 3138 Germanos.
1284 3071 1352 3139 Sed

297 3181 333 3239 et
343 3174 509 3261 principes
521 3196 757 3262 recognoscere
770 3175 905 3253 debent,
917 3184 953 3242 et
964 3177 1083 3261 utique
1095 3184 1350 3265 recognoscunt,

296 3278 386 3344 sicut
402 3278 504 3345 iidem
527 3279 563 3343 in
586 3288 701 3345 nostra
722 3301 947 3367 recognovere
969 3280 1167 3366 praesentia,
1184 3280 1277 3366 quod
1297 3281 1351 3367 jus

297 3389 333 3447 et
347 3383 531 3449 auctoritas
547 3383 760 3449 examinandi
775 3405 950 3470 personam
965 3384 1107 3450 electam
1121 3384 1158 3448 in
1180 3406 1295 3473 regem
1317 3392 1353 3450 et

296 3486 557 3571 promovendam
583 3487 628 3554 ad
653 3488 832 3573 imperium
856 3487 900 3555 ad
925 3509 986 3553 nos
1016 3495 1157 3574 spectat,
1184 3489 1244 3574 qui
1274 3509 1352 3555 eum

296 3590 503 3678 inungimus,
519 3613 749 3658 consecramus
766 3599 800 3658 et
815 3613 1024 3658 coronamus.
1069 3592 1133 3657 Est
1147 3594 1237 3657 enim
1257 3613 1353 3679 regu·

297 3693 462 3762 la1iteret
475 3696 678 3783 generaliter
694 3696 918 3774 observatum,
934 3703 975 3761 ut
989 3694 1033 3760 ad
1048 3716 1126 3762 eum
1149 3696 1352 3762 examinatio

297 3820 457 3884 personae
481 3801 658 3886 pertineat,
682 3800 725 3866 ad
749 3821 851 3887 quem
875 3800 1045 3887 impositio
1067 3820 1187 3865 manus
1209 3806 1352 3886 spectat,

298 3902 474 3988 Numquid
490 3904 588 3982 enim,
604 3905 633 3969 si
648 3905 814 3990 principes
831 3924 898 3969 non
915 3904 1024 3969 solum
1047 3903 1083 3967 in
1101 3902 1277 3981 discordia,
1292 3903 1351 3970 sed

298 4008 401 4073 etiam
414 4008 451 4072 in
467 4007 644 4074 concordia
658 4009 859 4095 sacrilegum
883 4028 1131 4093 quemcunque,
1146 4007 1202 4073 vel
1223 4028 1355 4074 excom·
