3292 4809
293 598 356 665 140
513 617 647 665 snnncr
668 618 876 667 unnrrnvan
897 619 1128 668 nocurmsrs.

292 786 603 873 pronunciaverunt
617 785 681 851 sub
693 786 757 851 hac
780 785 898 851 forma.
945 787 1009 852 “Si
1033 787 1189 869 dominus
1211 790 1351 875 impera·

293 899 348 954 ter
361 897 464 975 prout
477 890 668 975 injunctum
686 898 738 955 est
760 891 800 967 ei,
815 912 877 976 per
895 890 1105 977 fidejussores
1129 889 1197 957 non
1220 895 1351 959 caverit

293 991 381 1058 bona
395 992 480 1069 fide3
502 994 531 1058 si
546 994 636 1059 viam
650 995 742 1079 pacis
757 1016 824 1080 que
840 996 1034 1060 invenietur
1055 1019 1116 1081 per
1137 1018 1351 1063 communem

294 1104 503 1164 contractum
518 1098 573 1163 vel
595 1120 655 1185 per
676 1098 861 1177 arbitrium,
877 1106 979 1184 prout
1000 1101 1036 1164 in
1059 1100 1168 1165 forma
1190 1103 1351 1187 composi-

293 1202 394 1268 tionis
416 1203 619 1281 continetur,
641 1224 711 1268 non
733 1203 978 1280 observaverit;
1008 1206 1037 1269 si
1060 1212 1184 1270 terram
1210 1206 1349 1272 ecclesie

294 1307 356 1378 vel¹
370 1314 476 1373 terras
499 1328 614 1373 eorum
631 1328 716 1393 quos
734 1308 877 1373 ecclesia
898 1315 993 1373 tenet
1007 1307 1051 1373 ad
1065 1331 1185 1375 manus
1200 1331 1277 1375 sues
1293 1310 1349 1375 vel

293 1432 450 1498 personas
473 1433 588 1478 eorum
611 1413 748 1497 ceperit,
772 1413 945 1497 occuparit
965 1435 1027 1478 seu
1049 1412 1253 1489 devastarit3
1275 1414 1349 1499 ipso

233 1499 237 1508 ⁸
293 1514 383 1581 iacto
401 1518 603 1582 sententiam
625 1517 992 1594 excommunicationis,
1008 1518 1158 1583 incurrat
1180 1539 1283 1603 quam
1305 1540 1348 1583 ex

293 1620 435 1686 nuncin
451 1620 562 1707 ipsum
577 1618 717 1686 ferimus
731 1620 933 1686 auctoritate
949 1620 1078 1686 domini
1093 1644 1190 1707 pape.

337 1723 426 1789 Acta
437 1731 519 1789 sunt
527 1724 588 1789 hec
599 1723 689 1810 apud
701 1722 858 1789 Sanctam
870 1724 892 1789 J
894 1732 1005 1790 ustam
1015 1726 1113 1811 juxta
1126 1725 1348 1811 Ceperanum

293 1848 383 1894 anno
398 1828 535 1893 Domini
550 1827 647 1905 1230,
662 1829 699 1893 in
713 1827 801 1893 festo
816 1829 926 1894 sancti
942 1828 1141 1915 Augustini.

799 2020 845 2084 X.

339 2141 530 2208 Friderieus
552 2142 617 2208 Dei
639 2143 748 2229 gratia
771 2140 999 2206 Romanorum
1021 2143 1202 2228 imperator
1219 2165 1351 2229 semper

294 2252 459 2333 augustus
475 2246 664 2312 Jerusalem
679 2253 715 2311 et
730 2244 842 2310 Sicilie
857 2268 918 2311 rex
935 2294 943 2309 .
960 2294 968 2310 .
985 2294 993 2310 .
1009 2247 1134 2311 iHustri
1152 2248 1225 2334 regi
1246 2246 1351 2311 karis-

294 2351 378 2415 simo
394 2350 500 2415 amieo
515 2371 586 2427 suc,
602 2350 745 2415 salutem
762 2356 803 2414 et
824 2349 953 2415 sincere
970 2349 1161 2416 dilectionis
1177 2350 1349 2416 affectum.

295 2452 384 2518 Cum
398 2452 594 2539 frequenter
609 2460 644 2519 et
660 2452 788 2517 dudum
803 2474 862 2519 cor
875 2461 1027 2520 vestrum
1049 2453 1154 2520 fuerit
1176 2454 1351 2521 conturba·

294 2565 369 2623 tum
384 2579 484 2643 super
498 2556 563 2622 hiis
580 2564 721 2642 quetum
741 2579 800 2642 per
815 2549 1016 2642 apostolicas
1039 2559 1171 2625 litteras
1192 2566 1268 2624 tum
1289 2581 1350 2644 per
1470 2638 1473 2644 .

294 2668 426 2727 nostras
449 2660 492 2726 de
516 2661 707 2727 turbatione
731 2661 901 2727 communi
925 2661 1052 2747 ubique
1073 2669 1240 2728 terrarum
1263 2664 1351 2729 exie·

294 2772 382 2843 rant,
398 2786 606 2851 consequens
629 2771 681 2830 est
699 2771 734 2830 et
752 2764 904 2851 dignum,
920 2772 960 2830 ut
975 2788 1034 2832 vos
1057 2766 1235 2832 reformate
1257 2768 1350 2853 pacis

295 2890 383 2936 nova
408 2868 573 2935 letificent
597 2877 632 2935 et
654 2870 761 2934 omnis
787 2891 853 2955 que
878 2871 991 2955 potuit
1013 2869 1176 2937 inhesisse
1201 2870 1350 2936 turbatio

295 2974 454 3060 sopiatur.
501 2973 673 3039 Noveritis
695 2974 810 3060 igitur,
827 2972 921 3058 quod
941 2996 1002 3059 per
1017 2974 1110 3039 illius
1127 2975 1271 3062 gratiam
1290 2975 1351 3060 qui

295 3078 477 3166 procellam
492 3079 659 3145 convertit
673 3077 709 3141 in
725 3098 849 3155 auram,
867 3085 901 3143 et
916 3077 1151 3143 dissidentium
1167 3086 1296 3144 mentes
1314 3078 1352 3142 in

296 3206 399 3250 unam
415 3184 573 3250 conciliat
588 3184 807 3258 voluntatem,
823 3180 915 3247 facto
929 3181 1063 3268 publice
1084 3204 1122 3247 ac
1145 3182 1350 3260 solemniter,

296 3290 386 3355 sicut
400 3310 420 3353 a
436 3288 601 3354 catholico
617 3287 768 3374 principe
780 3286 853 3351 fieri
868 3285 995 3364 debuit,
1008 3286 1100 3371 quod
1114 3286 1223 3351 forma
1238 3286 1353 3352 Eccle-

296 3395 344 3461 sie
359 3394 561 3479 requirebat,
578 3393 741 3479 vigesimo
758 3398 877 3455 octavo
894 3392 1046 3476 preteriti
1068 3392 1191 3456 mensis
1214 3391 1352 3478 augusti

296 3521 358 3586 per
372 3500 571 3568 venerabilis
591 3499 680 3564 viros
703 3480 884 3583 apostolice
906 3495 994 3561 sedis
1016 3495 1146 3583 legatos
1162 3494 1350 3560 Johannem

298 3604 513 3671 Sabinensem
544 3604 738 3690 episcopum
769 3609 804 3667 et
834 3601 1033 3688 magistrum
1063 3599 1228 3665 Thomam
1258 3600 1352 3664 tituli

298 3708 420 3776 Sancte
467 3709 586 3776 Sabine
631 3706 864 3794 presbyterum
908 3703 1102 3782 cardinales,
1141 3702 1352 3790 presentibus

296 3813 504 3900 principibus
534 3820 570 3880 et
600 3813 807 3879 diversarum
837 3811 990 3897 gentium
1024 3809 1244 3875 multitudine
1281 3808 1354 3872 infi-

297 3918 380 3994 nita,
396 3938 475 3982 cum
489 3917 637 4004 generali
659 3917 765 3982 totius
789 3915 1044 3980 christianitatis
1060 3913 1209 4000 tripudio
1224 3911 1352 3983 fuimus

298 4019 452 4088 absoluti.
497 4020 639 4098 Deinde,
662 4027 703 4086 ut
727 4027 804 4107 post
829 4018 1075 4085 absolutionem
1097 4040 1140 4084 ex
1163 4018 1256 4084 omni
1281 4039 1354 4104 pre-
