3292 4809
293 561 358 627 102
513 576 647 626 snnncr
668 574 875 625 nnornvnr.
896 575 1126 627 noconnnrs.

336 742 389 809 14.
421 743 511 811 Gero
535 751 649 811 autom
675 766 766 810 nuno
797 743 910 810 dictus
934 743 1198 811 Alberstatensis
1220 744 1350 831 precise

293 848 479 935 deponetur
502 856 538 915 et
562 848 698 913 Ulricus
722 869 823 914 verus
848 848 1112 915 Alberstatensis
1138 843 1350 914 restituetur.

292 953 525 1018 Alienationes
548 972 568 1017 a
591 951 725 1017 Gerone
748 950 838 1018 facte
861 959 896 1019 et
917 952 1075 1018 benefitia
1097 951 1177 1017 data
1194 952 1353 1019 similiter
1432 998 1435 1003 .

292 1063 329 1123 et
343 1057 385 1123 ab
399 1056 553 1122 omnibus
567 1056 707 1123 intrusis
722 1058 925 1122 auctoritate
937 1055 1063 1121 domini
1074 1078 1159 1142 papo
1175 1063 1210 1123 et
1221 1056 1351 1122 domini

194 1221 199 1230 .
292 1161 500 1246 imperatoris
516 1160 738 1227 cassabuntur
753 1168 789 1226 et
803 1162 873 1226 suis
889 1162 1040 1227 ecclesiis
1055 1162 1289 1227 restituentur.

337 1264 389 1329 15.
420 1264 473 1330 De
498 1265 662 1330 electione
690 1264 1002 1353 Brandeburgensis
1027 1265 1185 1352 episcopi,
1215 1266 1275 1351 qui
1304 1266 1351 1331 ad

293 1369 509 1434 Bremensem
531 1368 854 1454 archiepiscopatum
876 1370 1004 1435 electus
1027 1377 1107 1446 erat,
1127 1376 1352 1457 cognoscetur

292 1479 337 1550 et,
359 1474 389 1538 si
407 1473 606 1537 canonicum
626 1472 741 1551 fuerit,
761 1472 804 1537 ad
823 1473 963 1539 eandem
984 1474 1160 1540 ecclesiam
1174 1473 1352 1539 transiere-

292 1584 359 1642 tur.
405 1576 452 1641 Et
477 1598 709 1663 quaecumque
734 1598 755 1641 a
781 1577 1009 1655 Baldeuuino,
1036 1577 1097 1664 qni
1122 1598 1215 1643 nunc
1238 1585 1352 1663 preest

293 1679 468 1745 Bremensi
490 1681 639 1758 ecclesie,
655 1681 800 1747 alienata
820 1682 877 1748 vel
899 1682 1133 1748 inbeneficiata
1154 1688 1245 1759 sunt,
1260 1681 1351 1747 sicut

292 1785 491 1851 canonicum
507 1793 542 1851 et
556 1786 685 1872 justum
700 1785 930 1862 fuerit,eidem
946 1786 1085 1852 ecclesie
1101 1786 1334 1851 restituentur.

336 1887 388 1952 16.
419 1888 507 1954 Item
523 1911 589 1975 que
606 1887 854 1977 Salsiburgcnsi
870 1891 1009 1956 ecclesie
1022 1897 1172 1975 tempore
1184 1889 1351 1956 scismatis

291 1992 464 2059 subtracta
479 2001 570 2072 sunt,
586 1994 617 2059 ei
632 1995 780 2080 plenarie
797 1995 1030 2060 restituentur.

337 2096 389 2163 17.
421 2097 711 2164 Universiclerici
727 2098 884 2184 quisunt
902 2098 943 2165 de
960 2099 1076 2164 Ytalis
1090 2098 1146 2165 vel
1169 2098 1244 2164 aliis
1266 2099 1353 2187 regi·

293 2201 423 2280 onibus,
447 2202 507 2288 qui
533 2210 615 2268 sunt
642 2211 739 2269 extra
763 2203 1009 2269 Theotonicum
1035 2225 1189 2291 regnum,
1213 2202 1353 2289 disposi-

292 2306 379 2371 tioni
390 2313 426 2371 et
436 2305 558 2392 juditio
572 2306 699 2371 domini
710 2328 794 2392 pape
808 2306 1038 2392 A(lexandri)
1052 2329 1349 2393 successorumque

294 2409 366 2495 ejus
381 2410 628 2494 relinquentur.
674 2409 710 2474 Si
727 2432 806 2476 vero
823 2410 960 2475 domino
976 2411 1170 2496 imperatori
1184 2411 1351 2497 placuerit

292 2534 409 2599 rogare
424 2535 484 2599 pro
500 2512 672 2579 ordinibus
692 2513 882 2598 aliquorum
907 2535 992 2600 quos
1016 2514 1176 2580 canonice
1199 2536 1352 2600 percepc-

292 2624 383 2695 runt,
399 2639 507 2702 usque
522 2616 566 2682 ad
581 2617 617 2681 X
627 2617 683 2683 vel
695 2617 777 2694 XII,
790 2617 819 2682 si
832 2619 956 2683 instare
971 2619 1127 2695 voluerit,
1140 2618 1350 2684 exaudietur.

337 2720 390 2785 18.
421 2720 682 2806 G(arsid0nius)
699 2729 813 2787 autem
830 2722 1038 2788 Mantuanus
1054 2722 1098 2786 ad
1121 2723 1350 2808 episcopatum

293 2824 465 2911 quondam
485 2830 584 2891 'suam
607 2828 816 2904 restituetur,
844 2826 892 2891 ita
924 2834 1048 2905 tamen,
1076 2826 1170 2912 quod
1194 2825 1263 2903 ille,
1290 2827 1351 2912 qui

198 2984 202 2992 .
270 3015 276 3026 .
293 2951 384 2994 nunc
400 2938 452 2995 est
467 2929 686 3009 Mantuanus,
703 2931 904 2997 auctoritate
922 2930 1049 2995 domini
1065 2952 1150 3017 pape
1166 2937 1201 2996 ct
1222 2930 1352 2996 auxilio

294 3033 422 3099 domini
437 3036 646 3121 imperatoris
665 3037 709 3102 ad
732 3037 973 3102 Tridentinum
996 3036 1225 3122 episcopatum
1247 3040 1353 3099 trans·

293 3138 430 3218 feretur,
442 3141 508 3206 nisi
522 3141 609 3207 forte
624 3142 713 3207 inter
728 3141 903 3207 dominum
919 3161 1039 3226 papam
1054 3147 1090 3205 et
1104 3139 1277 3204 dominum
1292 3138 1353 3203 im-

293 3251 479 3330 peratorem
490 3247 696 3323 convenerit,
707 3253 746 3310 ut
755 3247 789 3310 in
800 3246 867 3311 alio
878 3245 909 3310 ei
918 3245 1113 3330 episcopatu
1123 3241 1351 3328 provideatur.

338 3347 390 3414 19.
421 3349 691 3434 Archipresbiter
705 3371 785 3415 vero
802 3346 844 3415 de
861 3347 964 3413 Saoco
980 3349 1017 3411 in
1033 3345 1352 3432 archipresbiteratu

295 3450 465 3539 quondam
494 3474 555 3518 suo
585 3461 621 3519 et
649 3454 685 3517 in
716 3454 791 3517 aliis
821 3452 997 3529 benefitiis,
1026 3473 1091 3536 que
1121 3456 1201 3516 ante
1230 3449 1353 3515 scisma

292 3556 422 3634 habuit,
437 3578 515 3621 cum
531 3557 622 3621 omni
639 3554 854 3641 plenitudine
869 3555 1079 3619 restituetur.

338 3660 390 3724 20.
422 3659 580 3727 Universi
602 3661 703 3725 etiam
719 3657 866 3724 ordinati
881 3678 901 3721 a
918 3654 1088 3740 quondam
1105 3652 1278 3719 catholicis
1294 3651 1351 3717 vel

294 3763 336 3830 ab
351 3762 512 3830 ordinatis
529 3784 643 3829 comm
658 3764 694 3825 in
711 3761 924 3826 Theutonico
939 3780 1045 3846 regno
1067 3758 1293 3823 restituentur
1314 3756 1352 3819 in

295 3868 465 3934 ordinibus
480 3868 593 3932 taliter
607 3865 773 3959 perceptis
788 3885 852 3929 nec
868 3863 1044 3929 occasione
1059 3860 1162 3947 hujus
1184 3859 1353 3926 scismatis

294 3971 535 4061 gravabuntur.
