3292 4809
267 646 268 649 ¹
297 621 341 690 84
514 638 648 689 sunnon
671 637 879 688 unornvnn
904 637 1134 687 noonnnnrs.

338 806 469 889 Quodsi
493 807 570 893 quis
591 813 709 873 contra
730 806 793 873 hoe
817 813 972 872 nostrum
997 805 1172 873 decretum
1195 806 1352 894 synodali

293 914 462 979 sententia
481 912 736 999 promulgatum
763 932 826 997 per
855 910 1058 977 seditionem
1080 911 1137 976 vel
1162 932 1353 996 praesump

293 1017 420 1083 tionem
429 1014 855 1103 autquodlibetingenium
863 1015 992 1080 electus
1000 1022 1060 1079 aut
1069 1015 1352 1081 etiamordinatus

164 1112 168 1122 ’
294 1142 355 1188 seu
369 1121 592 1186 intronizatus
614 1118 729 1198 fuerit,
746 1120 948 1186 auctoritate
964 1119 1080 1185 divina
1102 1126 1138 1185 et
1158 1126 1351 1184 sanctorum

294 1224 521 1311 apostolorum
544 1223 639 1289 Petri
662 1229 698 1289 ot
719 1222 830 1301 Pauli,
851 1231 1016 1309 perpetuo
1038 1223 1250 1288 anathemate
1273 1245 1351 1289 cum

294 1328 364 1395 suis
374 1327 577 1406 auctoribus,
587 1326 786 1406 fautoribus,
796 1327 1205 1413 sequacibusaliminibus
1214 1335 1350 1394 sanotae

294 1431 350 1498 dai
372 1432 532 1497 ecelesiae
548 1438 722 1517 separatus
736 1430 944 1510 subiiciatur,
958 1432 1049 1498 siout
1068 1431 1301 1497 Antichristus
1313 1434 1353 1498 'et

294 1536 430 1602 invasor
441 1542 543 1621 atquo
555 1534 745 1601 destruetor
755 1536 862 1601 totins
871 1536 1142 1613 christianitatis3
1165 1557 1228 1601 neo
1238 1536 1351 1621 aliqua

295 1661 396 1726 super
409 1639 474 1705 hoo
490 1637 661 1706 audientia
675 1639 858 1725 aliquando
870 1640 903 1706 ei
917 1647 1118 1718 reservetur,
1129 1637 1190 1705 sed
1204 1639 1246 1705 ab
1261 1640 1351 1704 omni

231 1815 234 1820 ,
296 1744 520 1810 eeclesiastico
543 1743 662 1832 gradu,
677 1745 714 1808 in
737 1765 941 1830 quocunque
963 1745 1058 1830 prius
1079 1742 1202 1822 fuerat,
1217 1744 1289 1809 sine
1303 1766 1352 1810 re·

296 1849 496 1915 tractatione
512 1848 708 1933 deponatur.
748 1847 813 1913 Oui
829 1848 984 1934 quisquis
998 1848 1188 1915 adhaeserit
1201 1848 1257 1915 vel
1273 1870 1353 1933 qua·

295 1952 499 2038 lemcunque
512 1959 676 2038 tanquam
691 1952 843 2039 pontifici
855 1953 1077 2019 reverentiam
1088 1952 1280 2018 exhibuerit
1291 1960 1352 2018 aut

297 2056 334 2125 in
352 2057 467 2142 aliquo
482 2057 580 2121 illum
603 2055 784 2122 defendere
806 2057 1076 2143 praesumpserit,
1092 2057 1164 2143 pari
1184 2058 1352 2122 sententia

295 2161 342 2228 sit
352 2162 569 2245 mancipatus.
612 2158 776 2246 Quisquis
787 2168 903 2226 autem
917 2160 1018 2226 huius
1030 2168 1164 2227 nostrae
1176 2160 1351 2227 decretalis

294 2266 484 2332 sententiae
499 2271 680 2330 temerator
691 2265 846 2330 extiterit
856 2271 892 2330 et
906 2265 1092 2330 Romanam
1106 2265 1280 2331 eeclesiam
1290 2287 1352 2331 sua

295 2369 567 2457 praesumptione
583 2367 789 2434 confundere
805 2375 842 2434 et
862 2368 1059 2455 perturbare
1075 2376 1193 2435 contra
1207 2368 1271 2434 hoo
1287 2376 1352 2435 sta·

296 2480 411 2541 tutum
426 2472 620 2549 tentaverit,
634 2479 797 2558 perpetuo
817 2472 1030 2540 anathemate
1046 2479 1149 2558 atque
1164 2494 1353 2544 exeommu-

295 2578 465 2645 nicatione
480 2577 709 2661 damneturet
723 2598 801 2643 cum
822 2578 944 2665 impiis,
960 2578 1020 2663 qui
1039 2598 1110 2643 non
1124 2583 1303 2665 resurgent
1316 2578 1353 2642 in

295 2681 432 2761 indicio,
447 2688 633 2768 reputetur.

341 2785 591 2873 Omnipotentis
620 2785 750 2854 scilicet
779 2785 835 2853 dei
864 2786 969 2874 patris
993 2794 1030 2853 et
1058 2786 1120 2852 filii
1152 2793 1190 2853 et
1213 2786 1353 2872 spiritus

295 2891 406 2958 sancti
421 2897 538 2957 contra
553 2911 589 2956 se
611 2890 696 2955 iram
710 2891 837 2957 sentiat
851 2898 887 2957 et
900 2898 1093 2958 sanctorum
1115 2891 1354 2977 apostolorum,

297 2993 393 3061 Petri
405 3001 440 3061 et
454 2993 565 3072 Pauli,
581 3015 727 3079 quorum
748 2996 934 3081 praesumit
952 2994 1157 3061 confundere
1168 2995 1352 3072 ecclesiam,

295 3098 332 3163 in
347 3097 410 3164 hae
424 3099 496 3166 vita
510 3105 546 3164 et
560 3098 597 3162 in
612 3097 729 3164 futura
744 3098 894 3165 furorem
908 3100 1063 3185 reperiat.
1101 3098 1179 3164 Fiat
1189 3098 1353 3163 habitatio

297 3203 369 3268 eins
384 3201 525 3280 deserta,
541 3207 576 3269 et
591 3202 628 3266 in
641 3203 866 3269 tabernaculis
881 3204 954 3269 eius
969 3224 1038 3268 non
1049 3203 1095 3268 sit
1106 3205 1166 3288 qui
1176 3202 1353 3268 inhabitet.

296 3305 399 3371 Fiant
420 3306 482 3371 filii
498 3307 570 3373 eius
589 3306 729 3393 orphani
751 3314 788 3374 et
804 3328 891 3372 uxor
910 3308 982 3373 eius
997 3306 1111 3373 vidua
1156 3304 1352 3371 Commotus

296 3418 492 3477 amoveatur
506 3412 578 3496 ipso
593 3419 697 3496 atque
708 3410 771 3476 filii
787 3412 860 3477 eius
872 3419 908 3478 et
922 3411 1115 3477 mendicent
1126 3417 1162 3477 et
1176 3410 1354 3475 eiiciantur

296 3512 338 3579 de
353 3514 616 3581 habitationibus
626 3516 707 3581 suis.
746 3514 925 3581 Scrutetur
936 3515 1125 3583 foenerator
1136 3534 1269 3579 omnem
1279 3513 1353 3579 sub

295 3620 456 3684 stantiam
485 3619 567 3696 eius,
590 3626 625 3684 et
655 3619 816 3706 diripiant
836 3620 939 3685 alieni
968 3619 1099 3685 labores
1125 3619 1207 3684 eins.
1254 3616 1354 3683 Orbis

295 3728 459 3789 terrarum
482 3728 612 3811 pugnet
638 3730 754 3789 eontra
777 3745 865 3801 eum,
886 3729 923 3789 et
948 3730 1071 3790 cuneta
1096 3723 1261 3789 elementa
1284 3721 1355 3787 sint

296 3824 329 3893 ei
344 3828 522 3905 contraria,
543 3834 579 3893 et
593 3828 743 3892 omnium
757 3835 952 3894 sanctorum
973 3826 1221 3914 quiescentium
1236 3825 1355 3891 merita

295 3930 394 3996 illum
409 3930 618 3997 confundant
641 3939 676 3997 et
696 3934 733 3996 in
747 3932 810 3998 hac
825 3933 897 3998 vita
911 3953 1013 4018 super
1027 3952 1105 3998 eum
1119 3938 1267 4016 apertem
1285 3929 1356 3995 vin·

295 4032 421 4100 dietam
447 4034 638 4101 ostendant.
699 4035 940 4103 Observatores
970 4041 1086 4101 autem
1115 4032 1218 4099 huius
1246 4032 1355 4099 nostri
