3292 4809
295 548 336 614 86
513 562 646 612 snnncr
668 526 875 611 unnrmvan
898 561 1130 611 nocuum-s.

294 754 350 799 eos
365 731 505 798 honeste
522 752 560 797 ac
575 730 720 819 benigne
736 731 888 817 recipias,
904 737 940 796 et
955 729 1049 816 quod
1065 728 1108 795 ab
1124 730 1172 795 eis
1190 752 1233 796 ex
1256 736 1353 816 parte

294 844 408 902 nostra
430 842 508 901 tuae
531 836 800 922 magnificentiae
823 835 928 900 fuerit
950 835 1154 912 intimatum,
1175 855 1195 899 a
1215 835 1354 899 sinceri«

294 946 364 1007 tate
380 939 490 1006 cordis
505 940 614 1005 nostri
629 940 763 1005 noverit
781 946 841 1004 tua
863 939 1066 1005 excellentia
1087 939 1295 1023 processisse,
1312 959 1353 1003 ac

293 1067 353 1130 per
375 1043 438 1109 hoc
461 1065 539 1109 oum
561 1042 687 1109 eisdem
709 1042 788 1107 filiis
811 1043 946 1120 nostris,
969 1041 1139 1107 mediante
1164 1039 1231 1128 jain
1258 1041 1352 1107 dicto

294 1149 363 1213 filio
379 1155 493 1214 nostro
509 1147 606 1225 duce,
621 1148 671 1212 ita
686 1147 854 1213 celsitudo
869 1154 929 1212 tua
946 1146 1084 1212 studeat
1105 1146 1294 1223 convenire,
1310 1154 1354 1212 ut

293 1253 383 1319 inter
397 1259 431 1319 te
447 1259 482 1318 et
496 1260 639 1317 matrem
654 1257 749 1323 tuam
762 1257 1008 1316 sacrosanctam
1024 1250 1210 1316 Romanam
1227 1250 1354 1316 aeccle-

293 1358 378 1422 siam
404 1354 593 1443 [ammodo]
622 1355 751 1421 nullius
778 1354 963 1421 discordiae
986 1354 1203 1420 seminarium
1230 1353 1355 1421 debeat

293 1481 475 1527 remanere.

761 1601 900 1630 -000-

519 1786 594 1850 THE
620 1788 839 1851 sonuum
865 1786 1120 1850 tamennon.

647 1948 1008 2011 msffimnmm

603 2090 646 2175 a)
677 2088 876 2174 Ooaoeraiap
890 2088 1043 2173 Repello.

338 2243 478 2333 Regalis
506 2252 588 2310 sunt
616 2243 700 2309 hec:
733 2242 920 2321 Arimanie,
950 2244 1005 2309 vie
1035 2242 1179 2329 publice,
1208 2240 1351 2310 flumina

294 2349 508 2436 navigabilia,
532 2356 635 2413 etex
661 2346 784 2433 quibus
811 2348 899 2411 fiunt
922 2347 1136 2433 navigabilia,
1158 2354 1286 2433 portus,
1310 2348 1352 2411 ri·

294 2453 415 2540 patica,
431 2452 611 2539 vectigalia
627 2471 693 2537 que
708 2451 814 2538 vulgo
837 2450 999 2516 dicuntur
1020 2451 1187 2528 thelonea,
1203 2458 1350 2530 monete,

295 2557 499 2621 muletarum
524 2575 754 2641 penarumque
781 2554 987 2640 compendia,
1011 2553 1099 2620 bona
1125 2554 1290 2632 vacantia,
1315 2562 1352 2621 et

296 2681 362 2745 que
377 2657 528 2745 indignis
543 2657 674 2744 legibus
690 2657 901 2736 auferuntur,
913 2658 979 2723 nisi
995 2680 1061 2742 que
1076 2658 1263 2743 spetialiter
1279 2661 1352 2743 qui-

295 2761 437 2828 busdam
462 2760 705 2838 conceduntur,
732 2768 769 2826 et
793 2759 882 2826 bona
907 2762 1179 2827 contrahentium
1203 2762 1351 2828 incestas

295 2866 442 2951 nuptias,
467 2872 502 2931 et
528 2864 787 2950 dampnatorum
812 2870 849 2930 et
874 2866 1137 2951 proscriptorum
1162 2864 1350 2931 secundum

296 2968 390 3056 quod
410 2970 447 3033 in
469 2969 567 3035 novis
590 2968 887 3034 constitutionibus
910 2976 1058 3047 cavetur,
1081 2970 1293 3057 angariarum
1315 2979 1352 3036 et

295 3073 571 3160 parangariarum
597 3081 632 3139 et
656 3072 877 3158 plaustorum‚
899 3078 935 3138 et
956 3074 1095 3139 navium
1117 3074 1351 3159 prestationes,

296 3187 331 3245 et
346 3177 609 3243 extraordinaria
621 3177 757 3243 collatio
769 3176 813 3240 ad
828 3176 1055 3243 felicissimam
1070 3180 1190 3266 regalis
1202 3178 1352 3243 numinis

296 3282 555 3369 expeditionem,
578 3289 726 3368 potestas
753 3282 1068 3347 constituendorum
1089 3284 1351 3371 magistratuum

297 3384 520 3473 adjustitiam
535 3387 787 3474 expediendam,
805 3388 1003 3475 argentaria,
1020 3395 1056 3453 et
1070 3389 1195 3475 palatia
1213 3387 1249 3450 in
1271 3387 1352 3451 civi·

296 3492 423 3559 tatibus
439 3493 618 3569 consuetis,
634 3493 858 3578 piscationum
873 3492 1036 3571 redditus,
1052 3501 1088 3558 et
1106 3494 1299 3568 salinarum,
1315 3498 1352 3557 et

296 3597 383 3663 bona
410 3595 693 3662 committentium
719 3596 844 3661 crimen
873 3596 1069 3681 majestatis,
1092 3602 1128 3661 et
1156 3594 1352 3659 dimisdium

297 3700 445 3767 thesauri
459 3700 591 3765 inventi
607 3700 643 3763 in
659 3699 733 3764 loco
758 3698 901 3775 Cesaris,
917 3720 986 3763 non
1009 3700 1088 3764 data
1110 3718 1219 3784 opera,
1235 3698 1291 3762 vel
1314 3698 1352 3763 in

297 3804 371 3870 loco
387 3802 561 3892 religi0s0;
583 3801 613 3867 si
628 3800 708 3865 data
723 3821 833 3888 opera,
847 3808 960 3866 totum
975 3800 1019 3866 ad
1034 3822 1112 3867 eum
1126 3800 1283 3887 pertinet.
