3292 4809
504 629 580 679 rnn
601 629 905 681 nonnrsrnurnr
927 631 1074 684 rnnron.
1252 616 1317 683 111

263 805 361 876 tram,
376 804 532 884 nepotem
547 819 656 877 suum,
673 820 775 885 quern
796 799 865 886 jam
886 799 1072 868 hereditate
1094 808 1235 888 paterna
1253 803 1319 889 pri-

241 903 368 981 ·vavit,
390 902 501 968 adhuc
523 902 635 988 privet
656 904 863 989 possessione
886 912 1046 971 materna.
1098 905 1194 972 Idem
1215 908 1318 973 etiam

264 1013 382 1073 contra
403 1007 576 1093 proprium
598 1008 835 1094 juramentum,
850 1030 952 1094 super
968 1031 1036 1096 quo
1054 1031 1116 1076 nec
1139 1011 1318 1077 consilium

264 1132 284 1177 a
298 1109 377 1177 seda
393 1111 576 1197 apostolico
592 1112 778 1197 requisivit,
791 1112 983 1179 ambitionis
995 1114 1080 1180 vitio
1094 1136 1239 1203 regnum
1253 1116 1318 1182 sibi

264 1236 425 1301 usurpare
448 1216 682 1301 praesumpsit,
704 1237 774 1281 non
795 1217 900 1282 aliurn
924 1238 1025 1283 causa
1048 1220 1258 1286 necessitatis
1281 1221 1319 1285 in

264 1340 380 1407 regem
409 1318 543 1407 eligere,
570 1318 663 1405 quod
692 1327 866 1407 utcunque
897 1321 1106 1388 tolerabilius
1136 1323 1317 1403 videretur,

265 1444 372 1508 quum
386 1443 488 1508 super
502 1423 562 1489 illo
584 1424 774 1510 juramento
795 1426 889 1511 prius
912 1427 1064 1493 Romana
1085 1428 1226 1493 ecclesia
1244 1450 1320 1495 con·

265 1527 333 1591 suli
349 1525 528 1605 debuisset,
543 1528 633 1594 sicut
647 1534 683 1593 et
697 1549 771 1594 eam
794 1529 931 1614 quidam
955 1531 1154 1597 consuluere
1176 1532 1320 1618 pruden-

265 1638 328 1709 ter,
343 1629 435 1716 apud
452 1652 554 1717 quarn
576 1653 619 1697 ex
640 1632 855 1698 institutione
872 1632 989 1700 divina
1002 1635 1180 1720 plenitudo
1195 1634 1320 1702 residet

266 1724 452 1821 potestatis.
498 1734 568 1801 Nec
591 1737 684 1802 valet
705 1736 749 1800 ad
770 1737 907 1822 plenam
928 1740 1182 1804 excusationem
1204 1740 1319 1824 ipsius,

266 1841 296 1906 si
310 1840 537 1927 juramentum
551 1839 639 1905 illud
653 1839 786 1905 dicatur
800 1841 971 1918 illicitum,
984 1863 1090 1927 quum
1101 1842 1319 1909 nihilominus

266 1965 431 2030 supereo
454 1965 515 2010 nos
544 1945 638 2029 prius
669 1945 843 2010 consulere
869 1944 1050 2024 debuisset,
1075 1968 1177 2032 quam
1203 1954 1321 2013 contra

266 2050 378 2135 ipsum
399 2049 533 2134 propria
555 2049 744 2115 temeritate
767 2049 893 2126 venire,
912 2050 1109 2135 praesertim
1130 2051 1190 2116 illo
1212 2071 1322 2117 exem·

266 2153 334 2240 plo,
349 2152 442 2238 quod
463 2173 571 2239 quum
594 2151 800 2217 Gabaonitae
823 2147 844 2216 a
865 2153 944 2217 filiis
966 2152 1071 2218 Israel
1093 2175 1153 2239 per
1168 2153 1321 2221 fraudem

266 2257 492 2343 surripuerint
505 2256 743 2343 juramentum,
755 2256 820 2342 ipsi
836 2263 950 2322 tamen
965 2258 1102 2345 cognita
1116 2257 1234 2324 fraude
1247 2280 1322 2325 oon·
1353 2268 1355 2271 ⁴

267 2370 320 2429 tra
341 2361 429 2427 illud
443 2363 557 2426 venire
574 2368 698 2426 temere
714 2361 908 2427 noluerunt.
954 2360 1080 2426 Utrum
1095 2383 1175 2427 vero
1191 2362 1321 2428 dictum

267 2467 494 2554 juramentum
508 2465 553 2531 sit
569 2465 702 2530 licitum
717 2464 772 2530 vel
794 2465 962 2542 illicitum,
978 2471 1014 2530 et
1027 2465 1104 2532 ideo
1118 2467 1322 2533 servandum

268 2591 313 2636 an
327 2592 395 2636 non
408 2568 611 2637 servandum
626 2569 810 2646 exstiteret,
822 2589 921 2634 nemo
935 2590 1035 2635 sanae
1052 2571 1174 2635 mentis
1188 2572 1323 2658 ignorat

268 2674 313 2742 ad
326 2682 479 2741 nostrum
493 2672 657 2760 judicium
672 2673 848 2758 pertinere.
898 2671 999 2752 Quod
1013 2681 1127 2740 autem
1143 2675 1321 2761 Philippus

269 2779 311 2846 de
336 2800 459 2867 genere
484 2785 737 2863 persecutorum
764 2777 900 2854 existat,
926 2778 1094 2863 principes
1126 2798 1194 2843 non
1218 2777 1323 2844 oredi-

269 2906 344 2949 mus
359 2883 523 2960 dubitare,
540 2903 646 2967 quum
661 2880 839 2957 Hernicus,
856 2880 916 2966 qui
936 2882 1065 2966 primus
1086 2882 1265 2967 imperium
1280 2882 1321 2948 de

269 3009 391 3076 genere
408 2987 473 3053 hoc
492 2987 631 3073 accepit,
647 2983 752 3050 bonae
775 2986 953 3050 memoriae
976 2984 1172 3050 Paschalem
1195 2985 1323 3071 Papam

269 3092 558 3178 praedecessorem
579 3098 732 3156 nostrum
754 3110 833 3154 cum
855 3088 1030 3174 episcopis,
1047 3087 1272 3155 cardinalibus
1288 3098 1323 3155 et

269 3197 387 3261 multis
407 3194 574 3261 nobilibus
601 3195 838 3270 Romanorum,
858 3193 1119 3277 praesumpserit
1141 3194 1321 3278 captivare.

271 3300 462 3366 Fridericus
492 3306 606 3364 autem
635 3305 731 3384 pater
754 3297 859 3383 ipsius
890 3295 1041 3382 Philippi
1071 3304 1187 3362 contra
1213 3296 1322 3363 felicis

270 3403 510 3471 recordationis
532 3401 768 3468 Alexandrum
791 3399 919 3486 Papam
940 3400 1227 3486 praedecessorem
1251 3423 1324 3466 nos·

270 3516 363 3576 trum
391 3508 494 3595 longo
524 3514 672 3592 tempore
703 3506 847 3570 schisma
876 3503 974 3571 fovit.
1020 3504 1188 3570 Henricus
1218 3504 1324 3571 frater
1421 3549 1423 3553 ,

270 3613 376 3700 ipsius
398 3610 557 3697 Philippi,
574 3610 720 3696 qualiter
742 3630 778 3675 se
801 3608 957 3674 habuerit
978 3608 1066 3673 circa
1087 3608 1322 3675 interfectores

271 3723 406 3783 sanotae
436 3715 613 3781 memoriae
644 3713 777 3779 Alberti
806 3710 1003 3778 Leodiensis
1034 3712 1190 3799 episcopi,
1221 3734 1322 3798 quem

271 3821 343 3906 ipse
358 3820 451 3906 prius
473 3823 628 3905 coegerat
650 3817 813 3893 exsulare,
830 3837 868 3880 ac
892 3814 1079 3893 Conradus,
1095 3817 1154 3901 qui
1176 3816 1324 3902 praedio·

148 3989 153 3993 ,
271 3932 347 3990 tum
371 3923 562 3990 Ostiensem
585 3922 780 4008 episcopum
806 3926 951 4005 ceperat,
976 3920 1057 3985 satis
1083 3920 1199 3986 nostis.
1255 3919 1323 4000 Qui
1394 3954 1399 3964 ·

272 4028 377 4098 etiam
399 4026 545 4115 qualiter
567 4024 793 4092 venerabilem
821 4023 962 4090 fratrem
985 4030 1139 4089 nostrum
1163 4022 1325 4089 Auxima-
