3292 4809
388 607 525 657 anon
547 607 594 655 ΟΕ·
615 608 690 656 THE
712 609 956 657 mancorum
979 610 1183 660 EMPERORS.
1269 595 1312 660 59

258 783 317 843 vet
338 783 374 842 et
394 776 477 842 haec
497 783 614 841 sancta
633 776 837 865 evangelia]
886 778 1015 843 Actum
1038 777 1196 865 Ciperani
1212 780 1232 844 3
1249 780 1314 846 Ka·

258 878 376 945 lendas
392 879 414 944 J
416 879 488 944 ulii.

607 1067 650 1151 b)
679 1064 744 1130 wie
760 1064 966 1131 Incertiturc.

241 1251 252 1264 „
302 1223 376 1311 Ego
409 1221 593 1308 Gregorius
622 1240 710 1305 papa
739 1220 884 1286 investio
915 1228 960 1299 te,
986 1220 1130 1288 Roberte
1161 1222 1243 1301 dux,
1271 1223 1312 1289 de

257 1330 356 1400 terra,
373 1343 475 1408 quam
495 1320 557 1386 tibi
580 1327 819 1387 concesserunt
841 1328 1066 1388 antecessores
1088 1324 1154 1389 mei
1176 1331 1313 1389 sanctae

259 1427 436 1491 memoriae
453 1425 611 1491 Nicolaus
627 1430 663 1489 et
677 1424 884 1490 Alexander.
931 1424 983 1491 De
999 1426 1059 1490 illa
1077 1434 1191 1492 autem
1214 1434 1313 1505 terra,

259 1551 361 1616 quam
376 1530 500 1616 injuste
516 1537 621 1606 tenes,
634 1529 724 1593 siout
738 1536 790 1594 est
806 1527 967 1595 Salernus
982 1536 1017 1595 et
1028 1530 1175 1595 Amalfia
1186 1538 1222 1597 et
1236 1553 1314 1617 pars

177 1639 183 1650 '
260 1633 425 1700 marchiae
444 1634 610 1710 Firmano,
626 1654 717 1697 nuno
740 1640 774 1697 te
797 1634 966 1718 patienter
986 1635 1136 1699 sustineo
1158 1636 1195 1699 in
1218 1634 1316 1701 confi·

260 1738 375 1803 dentia
390 1737 455 1803 Dei
471 1737 709 1822 omnipotentis
725 1744 761 1801 et
775 1744 854 1801 tuae
870 1736 1049 1803 bonitatis:
1074 1744 1114 1803 ut
1135 1745 1175 1803 tu
1197 1742 1331 1824 postea

260 1841 382 1907 exinde
407 1840 451 1905 ad
474 1840 634 1905 honorem
658 1839 724 1905 Dei
748 1847 783 1905 et
806 1841 914 1905 sancti
938 1840 1033 1906 Petri
1055 1841 1104 1906 ita
1126 1849 1160 1907 te
1182 1842 1314 1920 habeas,

260 1946 350 2011 sicut
363 1951 399 2010 et
413 1951 447 2010 te
464 1965 561 2031 agere
577 1950 612 2008 et
626 1964 680 2008 me
695 1943 864 2028 suscipere
881 1942 979 2009 decet
992 1944 1065 2011 sina
1080 1946 1233 2030 periculo
1248 1946 1316 2012 ani·

260 2070 333 2115 mae
348 2054 429 2115 tuae
444 2054 480 2114 et
494 2067 594 2114 meae.
641 2047 771 2112 Actum
786 2052 827 2111 ut
840 2045 965 2133 supra.1
1395 2033 1400 2046 '

476 2348 515 2432 c)
545 2345 610 2411 rte
632 2345 752 2432 Yeorly
772 2344 902 2411 Tributc
926 2345 1098 2434 [PanccoJ.

305 2503 379 2590 Ego
403 2501 581 2578 Robertns‚
597 2501 662 2565 Dei
682 2502 791 2588 gratia
814 2507 850 2566 et
870 2501 980 2565 sancti
1004 2501 1099 2566 Petri
1114 2501 1262 2587 Apuliae
1279 2510 1316 2570 et

262 2606 436 2673 Calabriae
452 2613 488 2672 et
502 2604 635 2671 Siciliae
651 2604 733 2681 dux,
749 2603 792 2668 ad
814 2603 1103 2670 confirmationem
1124 2606 1315 2672 traditionis

261 2719 296 2777 et
311 2710 355 2776 ad
369 2710 631 2796 recognitionem
646 2708 819 2773 fidelitatis
839 2707 881 2773 de
899 2710 991 2772 omni
1013 2716 1110 2787 terra,
1127 2731 1229 2795 quam
1252 2732 1315 2798 ego
1384 2701 1386 2705 ’

260 2822 360 2881 teneo
384 2814 517 2900 proprie
541 2811 605 2877 sub
629 2811 776 2876 dominio
799 2833 887 2889 meo,
912 2819 946 2878 et
970 2834 1073 2898 quam
1095 2813 1205 2879 adhuc
1227 2814 1315 2879 nulli

261 2919 587 2984 ultramontanorum
610 2917 658 2980 ita
679 2916 829 2980 concessi
851 2923 892 2981 ut
912 2923 1037 2994 teneat,
1059 2919 1238 3002 promitto:
1262 2940 1315 2983 me

261 3023 452 3089 annualiter
474 3042 534 3107 pro
556 3041 761 3105 unoquoque
790 3020 873 3106 jugo
895 3019 997 3084 boum
1017 3022 1215 3106 pensionem
1237 3021 1317 3087 duo-

262 3126 371 3193 decim
385 3126 515 3191 soilicet
527 3124 681 3190 denarios
697 3122 872 3208 Papiensis
888 3131 1051 3201 monetae,
1064 3126 1315 3209 persoluturum

260 3230 359 3296 beato
375 3229 477 3296 Petro
492 3235 528 3293 et
543 3227 606 3293 tibi
621 3226 757 3292 domino
773 3247 847 3291 meo
864 3225 1027 3313 Gregorio
1042 3249 1147 3313 papae
1163 3236 1199 3295 et
1214 3231 1317 3293 omni·

261 3334 324 3400 bus
338 3332 585 3400 successoribus
600 3332 679 3408 tuis,
695 3338 755 3395 aut
770 3330 839 3395 tuis
854 3338 915 3396 aut
929 3352 1159 3397 successorum
1178 3342 1316 3398 tuorum

261 3439 405 3503 nunciis.
436 3436 551 3522 Hujus
566 3442 679 3501 autem
694 3434 924 3520 pensionariae
940 3435 1138 3501 redditionis
1154 3438 1219 3502 erit
1232 3458 1317 3502 sem-

261 3564 321 3628 per
335 3542 509 3617 terminus,
524 3539 621 3604 finito
639 3559 774 3624 quoque
789 3559 888 3615 anno,
904 3546 1039 3604 sanctae
1062 3540 1316 3606 resurrectionis

262 3646 334 3711 dies
360 3645 556 3710 dominicus.
602 3641 673 3708 Sub
699 3642 762 3707 hac
786 3663 867 3707 vero
893 3642 1089 3708 condicione
1117 3644 1219 3729 hujus
1245 3666 1317 3729 per-

261 3749 423 3817 solvende
441 3747 609 3834 pensionis
628 3746 740 3834 obligo
759 3767 812 3812 me
829 3752 866 3811 et
886 3767 977 3811 meos
1000 3748 1071 3812 sive
1090 3746 1229 3813 heredes
1244 3749 1316 3813 sive

307 3931 445 3982 ¹1n1156
466 3930 590 3981 Hadrian
613 3929 663 3978 IV.
686 3928 814 3978 invested
836 3928 961 3978 Wllllam
980 3928 1051 3979 with
1071 3927 1221 3993 following
1243 3942 1318 3980 cerc-

263 4028 363 4078 mony:
394 4012 574 4079 [wattericn
588 4012 671 4062 Vitae
683 4010 763 4061 Rom.
774 4009 883 4061 Pontii.
895 4011 932 4061 IL
946 4010 1017 4077 361]
