3292 4809
414 632 551 682 rnnron
574 634 620 681 or
642 634 716 680 run
737 632 984 682 rasuooumn
1006 635 1211 684 umnaoas.
1297 618 1340 685 53

284 824 368 880 cere,
384 823 491 867 meam
507 802 710 887 contempsit
721 803 979 888 responsionem.
1024 802 1211 890 Postquam
1225 811 1339 870 autem

283 907 456 991 persensit,
469 927 585 972 senon
597 928 693 992 posse
706 908 795 972 sicut
810 909 959 993 speravit
974 930 1084 995 agere,
1098 907 1165 974 duo
1181 910 1338 994 episcopi,

284 1009 515 1075 Verdunensis
530 1009 690 1076 videlicet
704 1018 740 1075 et
756 1010 1036 1097 Osenburgeusis,
1049 1011 1090 1077 de
1106 1015 1337 1079 consentaneis

283 1116 363 1191 suis,
379 1114 522 1179 Romam
536 1122 706 1180 venerunt
721 1123 756 1180 et
770 1116 806 1179 in
821 1115 949 1201 synodo
962 1124 1109 1202 exparte
1124 1116 1263 1182 Henrioi
1275 1140 1337 1194 me,

283 1227 323 1284 ut
346 1219 376 1284 ei
398 1218 564 1303 justitiam
585 1218 741 1296 facerem,
764 1226 981 1305 rogaverunt.
1037 1219 1139 1299 Quod
1163 1229 1198 1286 et
1221 1222 1338 1286 nuncii

284 1321 422 1388 Rodulfi
436 1322 507 1388 fieri
522 1322 757 1388 laudaverunt.
796 1322 959 1399 Tandem,
975 1324 1143 1408 aspirante
1160 1323 1233 1389 Deo
1248 1326 1339 1390 siout

283 1427 393 1505 credo,
416 1428 522 1492 statui
543 1427 579 1491 in
603 1426 720 1492 eadem
745 1427 893 1514 synodo:
925 1428 961 1491 in
984 1428 1134 1513 partibus
1157 1428 1339 1494 ultramon-

285 1533 371 1596 tanis
386 1531 459 1596 fieri
475 1532 693 1617 colloquium,
709 1539 749 1596 ut
770 1532 841 1596 illio
865 1538 926 1596 aut
947 1552 1015 1617 pax
1038 1539 1245 1597 statueretur
1267 1540 1336 1611 aut,

283 1637 339 1700 cui
357 1636 501 1721 amplius
523 1635 655 1720 justitia
676 1634 816 1712 faveret,
834 1643 1102 1721 cognosceretur.
1148 1635 1221 1723 Ego
1237 1638 1337 1713 enim,

283 1739 372 1804 siout
387 1761 446 1805 vos
462 1739 545 1803 mihi
562 1746 664 1804 testes
680 1739 760 1804 estis
775 1747 887 1824 patres
902 1747 938 1804 et
953 1738 1091 1816 domini,
1106 1760 1214 1824 usque
1237 1739 1337 1805 hodie

283 1843 412 1908 nullam
420 1850 550 1929 partem
560 1842 710 1928 disposui
722 1842 881 1928 adjuvare
891 1843 956 1908 nisi
966 1864 1050 1920 eam,
1058 1844 1113 1907 cui
1122 1843 1199 1928 plus
1208 1844 1339 1929 justitia

283 1946 422 2012 faveret.
468 1946 515 2011 Et
542 1947 621 2031 quia
643 1945 813 2031 putabam,
838 1946 930 2031 quod
959 1947 1116 2032 injustior
1138 1968 1214 2032 pars
1238 1949 1339 2013 collo·

284 2052 403 2137 quium
421 2050 529 2116 nollet
546 2050 627 2127 fieri,
644 2049 702 2114 ubi
721 2050 852 2135 justitia
867 2071 966 2115 suum
982 2051 1095 2115 locum
1109 2059 1268 2128 servaret,
1284 2074 1339 2117 ex·

284 2155 528 2220 communicavi
544 2162 579 2219 et
593 2154 804 2219 anathemate
820 2155 958 2240 alligavi
970 2176 1085 2219 omnes
1096 2175 1254 2239 personas
1266 2156 1337 2221 sive

283 2260 373 2346 regis
393 2260 464 2325 sive
488 2257 583 2323 ducis
605 2265 667 2323 aut
689 2258 835 2343 episcopi
857 2279 915 2323 seu
940 2258 1081 2344 alicujus
1104 2258 1259 2335 hominis,
1279 2260 1338 2344 qui

284 2363 492 2449 colloquium
507 2363 622 2447 aliquo
636 2362 774 2450 ingenio
789 2361 977 2447 impediret,
991 2370 1109 2427 utnon
1126 2361 1230 2427 fieret.
1261 2363 1339 2429 Pre-

284 2466 394 2533 diotus
410 2474 524 2533 autem
541 2466 723 2531 Heinrious
739 2487 816 2530 oum
832 2467 902 2530 suis
917 2464 1116 2544 fautoribus,
1132 2487 1201 2531 non
1215 2467 1338 2532 timens

282 2572 472 2656 periculum
487 2570 752 2636 inoboedientiae
771 2569 863 2655 quod
877 2576 929 2635 est
944 2570 1053 2635 scelus
1072 2570 1257 2649 idolatriae,
1274 2573 1340 2636 ool·

283 2676 436 2761 loquium
451 2674 664 2760 impediendo
681 2674 1064 2739 excommunicationem
1085 2675 1236 2750 incurrit,
1253 2683 1288 2740 et
1302 2697 1337 2741 se

282 2780 394 2865 ipsum
409 2779 631 2844 anathematis
646 2778 784 2843 vinculo
800 2778 966 2864 alligavit,
983 2799 1206 2864 magnamque
1227 2780 1339 2844 multi·

284 2883 438 2948 tudinem
460 2882 719 2948 christianorum
736 2882 836 2945 morti
851 2880 939 2946 tradi
955 2887 990 2946 et
1005 2882 1162 2946 ecclesias
1177 2881 1261 2947 fecit
1276 2882 1340 2947 dis·

283 2984 394 3069 sipari,
411 2991 446 3048 et
461 2989 572 3048 totum
587 3003 692 3067 paene
706 2981 971 3046 Teutonicorum
983 3002 1124 3067 regnum
1138 2980 1338 3047 desolationi

284 3086 387 3153 dedit.
434 3085 658 3172 Quapropter,
674 3084 845 3150 confidens
862 3084 904 3149 de
921 3083 1046 3169 judicio
1061 3092 1097 3149 et
1111 3084 1338 3150 misericordia

283 3191 348 3256 Dei
360 3190 499 3276 ejusque
511 3190 641 3275 piisime
653 3189 768 3253 matris
780 3209 912 3272 semper
924 3188 1064 3273 virginis
1078 3186 1215 3266 Mariae,
1227 3188 1337 3254 fultus

283 3303 395 3360 vestra
417 3295 629 3369 auctoritate,
648 3314 746 3378 saepe
770 3293 980 3357 nominatum
1003 3290 1212 3368 Heinrioum,
1236 3314 1337 3377 quem

282 3420 397 3486 regem
427 3398 556 3474 dicunt,
582 3418 765 3481 omnesque
795 3395 945 3459 fautores
975 3393 1048 3480 ejus
1075 3396 1339 3461 excommunica·

283 3503 368 3567 tioni
385 3501 515 3567 subicio
531 3507 567 3565 et
581 3499 803 3565 anathematis
819 3498 963 3564 vinculis
986 3499 1099 3586 alligo.
1145 3498 1192 3564 Et
1213 3498 1337 3564 iterum

284 3598 425 3692 regnum
442 3606 707 3672 Teutonicorum
728 3611 763 3668 et
782 3603 900 3667 Italiae
922 3610 1077 3687 exparte
1100 3604 1337 3688 omnipotentis

284 3710 347 3775 Dei
364 3719 399 3776 et
414 3718 525 3776 vestra
541 3708 744 3774 interdicens
760 3708 800 3784 ei,
818 3727 951 3772 omnem
966 3712 1167 3791 potestatem
1182 3713 1218 3770 et
1233 3705 1340 3792 digni-

283 3822 387 3880 tatem
410 3815 461 3878 illi
483 3814 611 3899 regiam
631 3813 733 3888 tollo;
757 3820 800 3888 et,
825 3818 865 3875 ut
887 3810 1002 3873 nullus
1026 3808 1283 3874 christianorum
1307 3810 1338 3873 ei

283 3919 372 3983 siout
391 3920 464 4006 regi
482 3916 648 3994 oboediat,
665 3914 849 3991 interdioo;
873 3934 1065 3997 omnesque,
1083 3912 1142 3998 qui
1161 3913 1193 3978 ei
1211 3912 1339 3998 juravess

284 4030 365 4087 runt
386 4023 442 4089 vel
463 4021 624 4111 jurabunt
646 4020 688 4086 de
710 4020 807 4108 regni
838 4018 1075 4093 dominatione,
1106 4036 1126 4081 a
1156 4016 1338 4102 juramenti
