3292 4809
259 599 261 603 ’
325 578 389 645 150
546 596 679 645 euenor
701 596 908 644 uxnmrvsn
929 596 1159 646 nooouuurs.

324 772 473 850 tempore
489 764 579 850 pacis
594 764 683 829 inter
698 764 809 849 ipsum
824 771 860 830 et
874 764 1060 831 Ecclesiam
1075 763 1257 832 reformate
1277 766 1383 853 juras·

324 875 377 934 set
398 889 510 934 coram
531 867 617 933 bone
640 869 797 934 memorie
825 867 853 932 Ι.
876 867 919 934 de
942 868 1084 935 Abbatis
1107 869 1204 935 Villa
1226 870 1382 955 episcopo

325 971 500 1037 Sabinensi
526 978 561 1037 et
586 972 746 1059 magistro
773 971 955 1038 Thomasio
980 973 1074 1038 tituli
1105 971 1228 1039 Sancte
1257 971 1381 1040 Sabine

323 1075 507 1162 presbitero
530 1075 702 1154 cardinali,
722 1076 934 1161 presentibus
957 1078 1075 1143 multis
1096 1078 1245 1164 prelatis,
1260 1078 1381 1163 princi·

323 1179 421 1265 pibus
437 1187 472 1245 et
486 1179 666 1246 baronibus
683 1180 775 1266 quod
792 1188 898 1247 staret
913 1188 949 1246 et
963 1189 1096 1266 pararet
1109 1182 1238 1268 precise
1253 1181 1380 1268 absque

323 1284 396 1348 ulla
418 1282 614 1349 condicione
639 1283 794 1350 omnibus
819 1284 985 1351 mandatis
1014 1286 1163 1352 Ecclesie
1189 1286 1380 1372 superbiis

323 1408 385 1473 pro
411 1387 533 1473 quibus
563 1395 635 1454 erat
657 1389 795 1455 vinculo
823 1390 1180 1456 excommunicationis
1209 1390 1380 1469 astrictus,

324 1492 432 1557 causis
459 1493 813 1559 excommunicationis
842 1493 993 1580 ejusdem
1018 1495 1183 1579 expressis
1209 1516 1270 1579 per
1295 1493 1380 1559 ordi-

323 1617 402 1661 nem
428 1617 539 1661 coram
565 1617 616 1674 eo,
641 1604 725 1662 tunc
752 1597 906 1664 omnibus
933 1598 1162 1675 Theotoniois‚
1188 1597 1379 1664 hominibus

323 1700 420 1787 regni
445 1698 558 1766 Sicilie
582 1722 620 1767 ac
645 1701 769 1787 quibus
793 1702 878 1768 libet
901 1702 977 1768 aliis
1001 1703 1061 1789 qui
1086 1702 1237 1768 Ecclesie
1260 1709 1380 1768 contra

323 1804 434 1890 ipsum
449 1803 659 1884 adheserant,
675 1827 808 1872 omnem
827 1807 1002 1873 remittens
1017 1805 1181 1873 offensam
1196 1813 1232 1873 et
1245 1828 1378 1893 penam,

324 1916 360 1975 et
385 1908 479 1993 quod
504 1909 599 1973 nullo
625 1917 775 1996 tempore
802 1908 990 1978 offenderet
1015 1911 1072 1978 vel
1100 1909 1227 1976 offendi
1252 1910 1380 1977 faceret

323 2014 412 2098 ipsos
427 2034 487 2099 pro
502 2035 542 2079 eo
558 2013 651 2099 quod
673 2013 824 2080 Ecclesie
844 2015 1031 2092 astiterant,
1046 2016 1188 2100 prestari
1209 2015 1245 2079 in
1266 2015 1379 2080 anima

323 2140 385 2185 sua
406 2140 466 2204 per
488 2120 647 2185 comitem
663 2118 867 2184 Aoerrarum
888 2117 1015 2185 faciens
1037 2118 1275 2204 juramentum,
1290 2126 1381 2203 post

323 2223 462 2288 modum
476 2244 593 2308 pacem
609 2230 643 2288 et
657 2222 847 2309 juramenta
861 2221 1064 2308 hujusmodi,
1077 2243 1292 2308 nequaquam
1306 2243 1381 2288 eru·

323 2328 460 2393 bescens
475 2327 597 2394 irretiri
615 2327 781 2412 perjuriis,
797 2347 865 2391 non
880 2327 1038 2392 servavit.
1083 2325 1273 2392 Nonnullos
1288 2327 1379 2392 enim

324 2453 366 2498 ex
381 2432 463 2517 ipsis
477 2429 668 2496 hominibus
684 2437 754 2495 tam
769 2429 892 2495 nobilis
908 2451 1009 2515 quam
1025 2430 1109 2496 alios
1123 2437 1240 2516 postea
1255 2432 1328 2515 capi
1343 2437 1379 2496 et

324 2535 524 2602 incarcerari
540 2533 624 2601 iecit
638 2540 674 2600 et
688 2534 736 2599 eis
751 2533 848 2599 bonis
863 2535 932 2599 suis
947 2533 1101 2600 omnibus
1124 2533 1276 2619 spoliatis
1298 2555 1380 2599 uxo

324 2662 375 2707 res
391 2660 507 2706 eorum
523 2647 558 2704 et
572 2638 659 2703 filios
681 2638 856 2723 captivari,
879 2658 917 2703 ac
939 2638 1078 2723 insuper
1098 2645 1205 2703 terras
1228 2637 1378 2704 Ecclesia

323 2751 441 2810 contra
455 2744 706 2829 promissionem
723 2763 825 2828 quam
841 2740 966 2808 eisdem
981 2741 1009 2805 1.
1026 2741 1200 2808 Sabinensi
1220 2743 1378 2829 episcopo

324 2855 359 2914 et
375 2848 414 2912 T.
431 2846 605 2912 Cardinali
619 2845 755 2924 iecerat,
771 2847 993 2913 irreverenter
1007 2846 1143 2924 invasit,
1157 2846 1240 2912 licet
1254 2846 1319 2931 ipsi
1335 2868 1378 2912 ex

324 2960 407 3019 tunc
429 2951 466 3015 in
489 2972 567 3016 eum
587 2956 776 3036 presentem
797 2951 827 3015 ei
849 2949 1021 3015 ullomodo
1044 2949 1206 3036 predictis
1228 2951 1379 3016 articulis

324 3062 385 3120 aut
417 3054 668 3121 conditionibus
701 3061 818 3120 contra
851 3054 991 3131 veniret,
1022 3054 1379 3120 excommunicationis

324 3160 526 3226 sententiam
540 3157 805 3245 promulgarent.
851 3156 997 3222 Etcum
1020 3157 1123 3223 iidem
1145 3158 1327 3244 apostolica
1349 3160 1379 3225 ei

324 3263 524 3330 auctoritate
551 3262 767 3328 mandassent
792 3267 834 3327 ut
861 3282 924 3328 nec
954 3283 1014 3347 per
1038 3283 1074 3327 se
1101 3283 1163 3328 nec
1189 3284 1250 3348 per
1274 3263 1381 3327 alium

324 3366 501 3454 impediret
521 3367 605 3452 quin
628 3366 883 3453 postulationes,
899 3365 1081 3431 electiones
1104 3372 1139 3432 et
1158 3365 1382 3433 confirmatio·

324 3493 383 3538 nes
396 3470 612 3538 ecclesiarum
623 3477 658 3536 et
669 3469 947 3535 monasteriorum
962 3470 998 3533 in
1013 3491 1118 3558 regno
1130 3468 1260 3556 prefato
1275 3469 1379 3536 libere

325 3574 367 3641 de
383 3583 493 3641 cetero
509 3575 628 3641 fierent
643 3573 829 3640 secundum
844 3580 973 3639 statuta
995 3574 1129 3640 concilii
1151 3574 1329 3661 generalis,
1344 3581 1381 3643 et

326 3678 418 3765 quod
432 3679 543 3744 nullas
558 3678 716 3763 deinceps
731 3678 768 3741 in
783 3677 901 3743 eodem
921 3698 1025 3764 regno
1041 3678 1123 3744 viris
1145 3678 1380 3745 ecclesiasticis

324 3804 363 3849 ac
380 3782 478 3849 rebus
495 3804 610 3849 eorum
631 3783 819 3868 imponeret
842 3781 940 3846 talias
955 3782 1012 3847 vel
1035 3782 1205 3861 collectas,
1220 3782 1380 3869 quodque

325 3887 440 3952 nullus
456 3886 598 3953 clericus
614 3885 738 3975 ibidem
750 3885 806 3952 vel
821 3906 963 3971 persona
977 3885 1203 3952 ecclesiastica
1214 3885 1256 3952 de
1268 3894 1380 3953 cetero

325 3992 362 4055 in
377 3991 471 4057 civili
485 3990 542 4056 vel
564 3989 730 4055 criminali
753 4009 854 4055 causa
875 3988 1113 4055 conveniretur
1134 4010 1245 4056 coram
1266 3989 1380 4077 judice
