3292 4809
429 665 432 671 ·
533 638 609 691 rna
630 634 934 692 nonrssmcrrn
956 632 1102 689 aaaron.
1282 618 1347 689 125

293 830 353 897 pro
369 808 487 876 Crucis
503 811 663 896 obsequio
679 818 885 897 spontaneus
907 809 1134 897 promittebat,
1150 810 1345 875 transmisit.

294 914 448 1000 Cumque
459 914 549 1000 apud
558 923 713 980 sanctum
724 913 931 980 Germanum
942 936 1019 979 cum
1028 912 1182 999 pluribus
1191 915 1348 980 Aleman-

293 1019 348 1084 nic
370 1018 578 1104 principibus
600 1019 725 1104 pariter
748 1019 994 1096 convenissent,
1013 1018 1194 1103 imperator
1215 1018 1348 1103 propria

293 1143 397 1187 manu
410 1123 546 1208 juravit,
562 1121 654 1207 quod
671 1121 750 1187 inde
765 1120 810 1187 ad
825 1122 1008 1200 biennium,
1024 1121 1060 1186 id
1076 1122 1179 1187 estin
1193 1123 1347 1207 passagio

293 1227 430 1313 augusti
455 1226 608 1313 proximo
634 1248 725 1291 nunc
739 1226 923 1302 transacti,
949 1225 1041 1290 omni
1067 1226 1283 1292 excusatione
1309 1247 1347 1290 ac

294 1330 455 1396 dilatione
471 1330 688 1407 cessantibus,
704 1328 946 1406 transfretaret,
963 1329 1056 1394 mille
1077 1330 1201 1394 milites
1224 1329 1348 1393 ibidem

293 1459 353 1523 per
367 1435 541 1501 biennium
556 1441 688 1500 teneret
703 1433 746 1497 ad
760 1455 861 1498 suum
875 1433 912 1497 in
927 1433 1095 1519 obsequiis
1110 1440 1199 1498 terre
1221 1441 1347 1510 sancte,

294 1549 433 1608 centum
447 1540 555 1604 millia
569 1539 745 1604 unciarum
763 1538 837 1603 auri
859 1538 895 1601 in
918 1538 1069 1623 quinque
1092 1538 1253 1623 passagiis
1275 1558 1349 1623 pro

293 1647 386 1711 ximo
401 1653 484 1711 tunc
499 1644 624 1709 futuris
639 1644 721 1708 illuc
737 1642 924 1708 destinaret
938 1643 1038 1707 certis
1054 1639 1255 1728 assignanda
1277 1662 1349 1726 per-

273 1736 405 1826 ''sonis3
426 1758 463 1816 et
473 1757 554 1815 tunc
567 1746 752 1813 cardinales
767 1746 911 1832 predicti
926 1745 968 1811 de
983 1746 1194 1831 imperatoris
1209 1766 1348 1810 assensu

294 1856 331 1920 in
355 1856 426 1942 ejus
451 1862 644 1940 conspectu,
668 1855 861 1941 principum
883 1876 922 1920 ac
946 1855 1064 1940 populi
1088 1854 1346 1931 circumstantis,

294 1961 497 2047 sententiam
512 1960 868 2025 excommunicationis
883 1958 1017 2044 publice
1032 1959 1233 2023 auctoritate
1251 1957 1348 2023 Sedis

295 2064 474 2149 apostolice
497 2064 713 2149 protulerunt
733 2064 770 2127 in
793 2084 895 2149 quam
917 2062 1083 2129 incideret
1106 2063 1296 2147 imperator,
1318 2063 1347 2127 si

294 2166 408 2233 forsan
432 2168 469 2231 in
494 2169 609 2253 aliquo
635 2167 792 2233 deficeret
817 2165 1055 2253 predictorum.
1112 2164 1288 2254 Obligavit
1311 2187 1347 2232 se

294 2271 431 2357 insuper
445 2272 626 2357 imperator
640 2270 683 2336 ad
699 2279 835 2337 centum
850 2270 1023 2336 calendras
1045 2278 1082 2336 et
1099 2270 1348 2357 quinquaginta

293 2376 407 2462 galeas
423 2374 592 2442 ducendas
608 2383 643 2441 et
657 2376 818 2442 tenendas
833 2376 967 2441 biennio
982 2376 1073 2440 ultra
1094 2396 1195 2453 mare,
1207 2396 1245 2441 ac
1257 2374 1350 2459 quod

295 2480 432 2565 insuper
444 2479 573 2545 duobus
589 2480 737 2545 millibus
753 2482 901 2546 militum
915 2483 1106 2569 passagium
1121 2482 1222 2547 certis
1238 2481 1347 2546 termi-

295 2584 347 2648 nis
362 2584 551 2671 largiretur,
567 2585 603 2648 in
618 2586 763 2650 animam
777 2607 874 2650 suam
888 2587 992 2672 jurari
1007 2586 1133 2651 faciens
1148 2607 1183 2651 se
1199 2586 1264 2651 ista
1280 2607 1346 2670 que

294 2686 502 2773 prediximus
517 2689 746 2775 impleturum,
763 2699 798 2757 et
811 2700 932 2778 sponte
948 2694 1161 2759 consentiens
1184 2694 1219 2758 in
1238 2694 1348 2779 ipsum

296 2798 331 2857 et
351 2813 495 2880 regnum
516 2814 617 2858 suum
642 2793 723 2861 ferri
748 2798 962 2875 sententiam,
984 2799 1014 2862 si
1038 2797 1100 2863 hec
1127 2820 1196 2863 non
1220 2797 1349 2863 fuerint

296 2894 479 2962 observata.
532 2897 687 2978 Qualiter
711 2908 826 2967 autem
849 2902 913 2967 hoc
938 2903 1130 2988 impleverit
1154 2903 1347 2969 advertatis.

296 2998 383 3064 Nam
397 3022 475 3066 cum
498 3002 542 3066 ad
563 3003 636 3089 ejus
658 3003 873 3091 frequentem
895 3008 1090 3072 instantiam
1113 3007 1221 3071 multa
1239 3028 1350 3072 cruce·
1428 3092 1430 3095 Α

296 3104 503 3191 signatorum
526 3108 631 3172 millia
655 3131 714 3194 per
737 3111 1093 3176 excommunicationis
1118 3119 1286 3177 coarctata
1312 3112 1348 3174 in

296 3210 440 3274 termino
466 3210 634 3277 destinato
661 3213 705 3277 ad
730 3221 866 3300 portum
892 3214 1078 3279 Brundusii
1105 3223 1348 3300 properassent,

297 3314 377 3398 quia
405 3315 549 3401 gratiam
578 3338 675 3381 suam
705 3319 886 3405 imperator
914 3319 1126 3384 subtraxerat
1156 3319 1349 3385 civitatibus

296 3416 366 3483 iere
383 3419 537 3484 omnibus
559 3421 595 3485 in
617 3422 781 3507 portubus
804 3422 1061 3502 constitutis,et
1082 3422 1171 3488 idem
1193 3444 1213 3487 a
1235 3422 1351 3508 prede·

297 3544 425 3588 cessore
437 3531 552 3589 nostro
564 3546 602 3589 ac
614 3526 709 3591 nobis
724 3525 936 3612 frequentius
953 3528 1101 3591 monitus
1117 3534 1158 3591 ut
1169 3526 1351 3613 diligenter

297 3635 430 3712 pararet
452 3630 564 3693 omnia
586 3637 621 3695 et
643 3630 870 3716 fideliterque
894 3630 1117 3716 spoponderat
1139 3630 1350 3716 adimpleret,

297 3732 368 3817 ipse
384 3734 534 3797 omnium
549 3735 787 3819 promissorum
803 3756 868 3819 que
885 3735 1065 3820 apostolice
1087 3732 1167 3799 Sedi
1189 3741 1224 3800 et
1242 3756 1352 3799 cruce-

297 3836 438 3922 signatis
454 3858 514 3921 per
528 3838 658 3902 litteras
681 3859 758 3903 suas
780 3837 908 3904 fecerat
931 3838 973 3903 de
996 3838 1172 3924 sponsione
1195 3839 1350 3924 passagii,

298 3942 560 4005 necessariorum
576 3950 613 4007 et
627 3943 748 4018 victus,
762 3950 797 4008 et
812 3964 871 4007 sue
887 3943 1005 4007 salutis
1022 3944 1203 4018 immemor,
1220 3941 1351 4005 tamdiu

298 4042 334 4107 in
349 4043 449 4111 estivi
463 4042 606 4111 fervoris
620 4044 777 4111 incendio
792 4047 828 4109 in
843 4046 977 4135 regione
994 4046 1110 4111 mortis
1126 4051 1162 4110 et
1175 4045 1260 4111 aeris
1283 4066 1352 4111 cor·
