3292 4809
425 606 563 663 aaaron
585 611 632 664 or
653 609 729 664 nnn
751 608 996 664 rnnncournn
1018 606 1224 662 mauors.
1307 584 1351 663 '45

294 778 431 858 facient,
447 779 605 860 absolv03
629 790 674 862 et,
697 790 738 849 ut
760 783 875 848 nullus
898 783 930 848 ei
951 782 1042 847 sicut
1062 781 1137 869 regi
1154 782 1289 860 serviat,
1305 783 1354 846 in·

295 884 433 951 terdieo.
479 885 632 973 Dignum
663 894 715 952 est
745 887 846 965 enim,
873 894 923 964 ut,
956 887 1016 972 qui
1045 885 1162 951 studet
1190 885 1352 952 honorem

294 989 454 1056 ecclesiae
477 996 556 1055 tuae
578 990 788 1069 imminuere,
806 991 878 1076 ipse
901 989 1064 1056 honorem
1086 990 1231 1068 amittat,
1247 1011 1349 1075 quem

294 1094 430 1161 videtur
450 1094 582 1161 habere.
629 1094 676 1160 Et
697 1096 778 1181 quia
799 1095 890 1160 sicut
913 1094 1114 1160 christianus
1147 1095 1351 1181 contempsit

295 1197 448 1266 oboedire
476 1221 537 1265 nec
564 1198 608 1264 ad
634 1198 746 1264 Deum
770 1198 872 1265 rediit
902 1219 1003 1284 quem
1029 1196 1351 1283 dimisit-partici-

294 1302 405 1389 pando
421 1304 718 1370 excommunicatis
732 1327 741 1381 3
766 1310 801 1369 et
816 1303 942 1368 multas
957 1303 1155 1389 iniquitates
1177 1301 1350 1379 faciend03

255 1444 258 1448 ·
295 1403 436 1491 meaque
454 1406 592 1486 monita,
610 1429 697 1493 quae
719 1428 781 1495 pro
803 1429 865 1474 sua
887 1410 997 1476 salute
1020 1409 1086 1476 sibi
1103 1408 1180 1473 misi
1199 1414 1236 1473 te
1254 1414 1350 1485 teste,

293 1512 501 1598 spernend03
531 1534 634 1599 seque
657 1512 699 1578 ab
722 1513 863 1579 ecclesia
886 1517 955 1589 tua,
980 1519 1149 1597 temptans
1175 1532 1249 1578 eam
1270 1514 1353 1579 scin-

294 1613 384 1693 dere,
413 1617 595 1702 separando
608 1617 797 1684 -vinculo
829 1638 907 1681 eum
937 1614 1159 1681 anathematis
1185 1617 1259 1684 vice
1291 1624 1351 1683 tua

295 1718 408 1807 alligo.
439 1720 486 1786 Et
499 1722 547 1786 sic
564 1743 642 1787 eum
657 1744 699 1787 ex
715 1721 839 1787 fiducia
852 1728 912 1787 tua
924 1721 1043 1808 alligo:
1060 1728 1101 1787 ut
1111 1722 1218 1787 sciant
1232 1730 1352 1809 gentes

295 1829 330 1888 et
348 1824 573 1909 comprobent,
590 1827 670 1911 quia
685 1832 725 1891 tu
740 1848 775 1892 es
791 1826 914 1893 Petrus
940 1832 976 1891 et
997 1847 1100 1911 super
1115 1832 1207 1891 tuam
1222 1834 1352 1912 petram

294 1926 384 1992 filius
407 1926 558 1995 Dei'vivi
572 1929 762 1996 aedificavit
777 1931 953 1997 ecclesiam
969 1951 1067 1997 suam
1082 1938 1118 1999 et
1131 1938 1227 2018 porte
1250 1930 1351 1997 inferi

295 2050 364 2097 non
377 2032 619 2119 praevalebunt
633 2033 794 2103 adversus
811 2055 895 2101 eam.

748 2295 887 2326 -οοο-

403 2495 621 2561 OOIWENTUS
649 2497 972 2563 centimanum
1002 2500 1138 2585 (October,
1153 2500 1248 2584 1076).
1304 2576 1306 2580 ¹

666 2658 977 2725 mammam

295 2803 337 2887 a)
369 2801 553 2869 Promieeio
583 2802 736 2867 ffliarioi
765 2804 861 2887 repis,
892 2826 989 2890 quom
1009 2804 1097 2887 fecit
1125 2803 1352 2871 Hildebraodo

597 2929 718 2995 popae,
735 2909 792 2995 qui
807 2917 839 2973 et
860 2907 1050 2992 Greporioe.

341 3078 489 3146 Consilio
515 3080 667 3146 fidelium
694 3088 887 3147 nostrorum
918 3083 1132 3160 ammonitae,
1159 3083 1231 3150 sedi
1262 3104 1354 3169 apos-

295 3183 416 3250 tolicae
433 3191 468 3250 et
483 3184 545 3249 tibi
569 3184 732 3272 Gregorio
755 3206 860 3271 papae
884 3185 1031 3252 debitam
1053 3188 1090 3252 in
1112 3188 1268 3254 omnibus
1289 3209 1354 3253 ser-

295 3309 374 3354 vare
411 3287 636 3354 obedientiam
676 3290 847 3375 promitto,
884 3296 919 3355 et
948 3311 1171 3378 quaecuuque
1202 3291 1353 3378 ejusdem

294 3391 383 3458 sedis
406 3393 462 3459 vel
487 3394 540 3458 tui
566 3392 701 3458 honoris
728 3394 920 3459 imminutio
943 3416 1004 3479 per
1024 3416 1086 3461 nos
1110 3402 1183 3461 orta
1205 3395 1367 3474 videtur,

203 3560 206 3564 .
295 3495 419 3562 devota
433 3496 663 3563 satisfactione
686 3497 863 3564 emendare
887 3498 1020 3589 curabo.
1066 3498 1157 3580 Quia
1179 3522 1259 3567 vero
1282 3521 1353 3587 gra

295 3601 388 3666 viora
404 3601 569 3687 quaedam
585 3601 626 3667 de
642 3600 737 3667 nobis
749 3602 928 3688 jactantur,
941 3590 1027 3689 quae
1039 3604 1076 3668 in
1087 3588 1232 3670 eandem
1239 3603 1353 3670 sedem

294 3711 330 3770 et
352 3712 446 3771 tuam
468 3707 692 3773 reverentiam
706 3708 893 3784 statuerim,
910 3729 949 3773 ea
965 3729 1114 3796 congruo
1129 3716 1281 3796 tempore
1297 3709 1353 3775 vel

293 3809 506 3892 innocentiae
522 3808 695 3897 suffragio,
708 3810 765 3877 vel
781 3811 971 3896 opitulante
986 3812 1072 3891 Deo,
1085 3812 1280 3901 expurgabo
1295 3811 1352 3879 vel

285 3906 373 3983 'tum
384 3914 519 3981 demum
533 3909 595 4001 pro
610 3915 662 3981 his
678 3923 926 4002 competentem
940 3918 1185 4003 poenitentiam
1207 3917 1353 3984 libenter

293 4020 487 4106 amplectar.
544 4018 719 4087 Condecet
743 4029 859 4088 autem
884 4028 919 4088 et
941 4024 1156 4091 sanctitatem
1183 4030 1289 4103 tuam,
1312 4029 1352 4089 e'a
