3292 4809
535 608 611 655 run
633 606 936 657 nonnnsraurnrv
958 610 1105 659 rnaron.
1288 597 1353 665 147

294 775 384 843 idem
410 784 523 843 tamen
549 775 733 841 Pharaonis
760 776 913 842 imitatus
940 776 1104 843 duriciam
1132 785 1168 845 et
1192 779 1353 849 obturans

294 903 385 948 more
414 880 539 967 aspidis
565 900 662 945 aures
687 900 775 957 suas,
802 879 997 965 hujusmodi
1020 902 1135 966 preces
1163 889 1199 949 et
1223 885 1354 950 monita

295 987 384 1052 elata
409 984 634 1051 obstinatione
661 1004 699 1061 ac
725 982 894 1049 obstinata
921 984 1067 1051 elatione
1096 986 1261 1072 despexit.
1307 989 1354 1054 Et

293 1089 376 1156 licet
400 1110 558 1175 processu
582 1088 742 1173 temporis
768 1088 805 1151 in
833 1086 888 1153 die
917 1087 1012 1154 Ceno
1036 1089 1174 1155 Domini
1199 1092 1353 1178 proximo

295 1215 403 1281 nuper
425 1193 620 1279 preteritum
645 1191 856 1277 precedente,
882 1194 1111 1260 coram-nobis
1134 1202 1170 1261 et
1190 1195 1353 1263 fratribus

294 1297 419 1365 nostris
445 1296 679 1375 cardinalibus,
702 1296 914 1383 presentibus
940 1298 1133 1364 charissimo
1156 1302 1193 1364 in
1216 1299 1354 1367 Christo

295 1402 365 1468 filio
380 1409 494 1468 nostro
511 1401 888 1487 Constantinopolitano
904 1402 1104 1489 imperatore
1122 1405 1354 1482 illustri,cetu

295 1529 431 1596 quoque
447 1529 517 1573 non
531 1506 662 1574 modico
683 1508 901 1594 prelatorum,
918 1507 1129 1575 senatoribus
1139 1530 1274 1595 quoque
1298 1531 1354 1594 po-

295 1613 367 1698 puli
382 1612 524 1679 Romani
540 1620 575 1678 et
589 1613 736 1677 maxima
750 1611 972 1679 multitudine
988 1614 1131 1679 allorum
1153 1614 1214 1697 qui
1237 1612 1353 1678 eadem

296 1715 349 1782 die
379 1723 514 1803 propter
539 1717 826 1802 sollempnitatem
855 1718 961 1802 ipsius
990 1716 1033 1783 de
1064 1717 1205 1782 diversis
1235 1714 1352 1781 mundi

295 1820 446 1907 partibus
461 1818 505 1885 ad
517 1819 750 1907 Apostolicam
764 1820 880 1886 sedem
895 1828 1130 1899 convenerant,
1141 1819 1233 1905 quod
1248 1827 1353 1886 staret

295 1925 417 1991 nostris
433 1931 469 1991 et
484 1924 634 1991 Ecclesie
650 1924 817 1990 mandatis
832 1946 892 2011 per
906 1924 1055 1990 nobilem
1070 1926 1181 1990 virum
1196 1925 1353 1990 comitem

297 2028 527 2094 Tholosanum
542 2036 577 2095 et
591 2030 770 2116 magistros
785 2028 926 2094 Petrum
942 2028 983 2094 de
999 2029 1111 2095 Vinea
1126 2034 1161 2094 et
1176 2027 1352 2093 Taddeum

296 2132 339 2199 de
369 2131 501 2211 Suessa,
524 2133 615 2199 curie
641 2154 702 2199 sue
729 2131 867 2218 judices,
892 2133 1034 2198 nuncios
1059 2139 1095 2197 et
1121 2139 1352 2217 procuratores

296 2258 375 2303 suos
398 2236 543 2324 speciale
566 2258 669 2322 super
693 2236 756 2302 hoc
781 2237 824 2303 ab
849 2237 922 2321 ipso
952 2235 1150 2302 mandatum
1179 2235 1353 2313 habentes,

296 2340 481 2427 prestiterit
501 2340 738 2427 juramentum,
754 2340 969 2427 postmodum
983 2348 1098 2406 tamen
1113 2338 1206 2426 qnod
1225 2340 1355 2425 jurave-

297 2450 350 2510 rat
363 2465 432 2509 non
449 2444 623 2530 implevit3
646 2445 731 2530 quin
752 2445 855 2510 immo
879 2466 918 2510 ea
939 2444 1128 2510 intentione
1150 2444 1261 2530 ipsum
1283 2465 1355 2529 pre·

296 2549 421 2614 stitisse
436 2549 665 2635 juramentum
679 2548 897 2634 probabiliter
911 2548 1078 2626 credetur,
1091 2549 1180 2617 sicut
1195 2570 1238 2613 ex
1253 2546 1354 2613 factis

296 2652 516 2739 sequentibus
543 2653 715 2741 colligitur
737 2652 919 2730 evidenter,
944 2659 985 2718 ut
1010 2652 1120 2718 eidem
1142 2652 1293 2718 Ecclesie
1315 2673 1354 2717 ac

298 2756 392 2823 nobis
414 2755 576 2824 illuderet
597 2758 715 2844 pocius
737 2778 841 2842 quam
863 2763 1005 2842 pareret,
1021 2777 1100 2822 cnm
1122 2776 1211 2820 anno
1233 2763 1268 2822 et
1290 2777 1355 2820 am·

297 2860 387 2947 plius
401 2861 470 2947 jam
485 2861 597 2947 elapso
613 2882 675 2927 nec
691 2860 734 2925 ad
749 2861 854 2945 ipsius
868 2860 1017 2925 Ecclesie
1029 2860 1196 2947 gremium
1205 2860 1355 2925 revocari

297 2965 449 3050 potuerit
463 2986 524 3031 nec
540 2965 603 3031 sibi
615 2965 656 3032 de
668 2965 773 3031 illatis
786 2965 817 3030 ei
830 2963 985 3049 dampnis
996 2970 1032 3029 et
1044 2963 1176 3049 injuriis
1186 2963 1356 3029 curaverit

298 3067 500 3147 satisfacere,
514 3069 596 3136 licet
610 3091 712 3156 super
726 3070 790 3135 hoc
807 3069 959 3136 extiterit
974 3069 1167 3153 requisitus.
1212 3066 1357 3153 Propter

299 3171 391 3258 quod
405 3172 557 3239 nolentes
572 3173 697 3258 absque
716 3173 812 3261 gravi
837 3172 966 3238 Christi
990 3171 1119 3237 offensa
1141 3172 1213 3258 ejus
1235 3172 1358 3256 iniqui·

298 3283 386 3343 tates
401 3277 544 3363 amplius
560 3278 725 3356 tollerare,
742 3277 896 3364 cogimur
911 3282 1054 3364 urgente
1070 3296 1131 3341 nos
1152 3274 1357 3341 conscientia

297 3379 387 3466 juste
413 3380 678 3447 animadvertere
704 3382 741 3446 in
768 3380 934 3458 eumdem,
958 3387 993 3447 et
1020 3386 1060 3444 ut
1084 3378 1128 3443 ad
1151 3399 1288 3465 presens
1314 3378 1357 3443 de

299 3484 418 3550 ceteris
451 3484 525 3571 ejus
557 3484 739 3551 sceleribus
773 3492 954 3562 taceamus,
986 3490 1132 3570 quatuor
1161 3482 1358 3571 gravissima

299 3609 366 3673 que
381 3588 476 3653 nulla
491 3597 634 3674 possunt
649 3590 764 3655 cellari
781 3590 1070 3677 tergiversatione,
1084 3587 1261 3654 commisit.
1294 3585 1359 3651 De·

298 3691 420 3777 jeravit
435 3693 525 3758 enim
539 3693 741 3759 multociens
756 3714 874 3779 pacem
887 3691 1058 3779 quondam
1069 3692 1159 3757 inter
1171 3690 1358 3756 Ecclesiam

300 3803 335 3862 et
354 3796 532 3882 imperium
554 3796 768 3863 reformatam
792 3804 918 3863 temere
942 3794 1120 3871 violand03
1151 3794 1359 3881 perpetravit

300 3899 402 3966 etiam
415 3900 639 3988 sacrilegium,
650 3902 725 3987 capi
736 3900 864 3968 iaciens
881 3900 1066 3967 cardinales
1077 3905 1192 3965 sancte
1207 3898 1359 3965 Romane

300 4002 504 4083 Ecclesieao
519 4005 662 4071 aliarum
682 4006 901 4072 ecclesiarum
922 4005 1070 4092 prelatos
1093 4010 1130 4071 et
1151 4004 1289 4070 clericos
1312 4024 1360 4069 re·
