3292 4809
344 1163 547 1250 SIILEOT
586 1164 903 1249 MEDIAEVAL
941 1164 1297 1253 DOOUMENTS.

713 1420 930 1465 -οοηςοο-

452 1623 481 1691 1.
511 1624 610 1690 THE
643 1624 974 1692 OAROLINGIAN
1005 1624 1195 1693 PERIOD.

753 1804 891 1832 —aoo-

509 1943 584 2006 THE
606 1942 797 2006 uorfflou
820 1942 865 2006 ΟΡ
886 1944 1019 2007 PIPPIII'
1038 1945 1132 2012 (756).

482 2088 639 2151 [uidesne
655 2091 730 2137 noer
740 2090 977 2147 Pontificaliavita
987 2091 1110 2151 stephani
1120 2090 1164 2153 u]

339 2233 433 2300 Dum
447 2255 527 2299 vero
548 2232 719 2298 antefatus
737 2232 998 2321 benignissimus
1019 2234 1184 2320 Pippinus
1207 2234 1351 2303 Franco·

252 2345 257 2355 ’
295 2360 371 2405 rum
390 2360 451 2403 rex
470 2336 610 2423 Papiam
626 2336 780 2402 obsidens
797 2338 1044 2426 constringeret
1063 2340 1250 2417 ¹civit-atem,
1266 2347 1349 2407 tunc

296 2442 470 2508 Aistulfus
493 2442 719 2507 atrocissimus
741 2463 802 2506 rex
827 2440 1124 2529 Langobardorum
1150 2451 1190 2508 ut
1216 2444 1350 2509 veniam
1476 2480 1478 2485 ·

294 2547 346 2612 illi
368 2546 533 2611 tribueret
555 2555 590 2613 et
614 2568 697 2632 quas
715 2546 808 2631 prius
830 2554 1076 2633 contempserat
1095 2548 1298 2633 conscriptas
1313 2548 1350 2613 in

295 2651 385 2738 pacti
407 2649 540 2715 foedere
563 2650 703 2715 reddere
727 2651 881 2716 civitates
906 2672 941 2716 se
965 2650 1072 2716 modis
1100 2652 1254 2717 omnibus
1277 2674 1351 2738 prc-

294 2755 404 2821 fessus
420 2761 472 2821 est
492 2753 715 2820 redditurum.
762 2754 809 2818 Et
832 2754 943 2819 denuo
966 2755 1161 2820 confirmato
1184 2756 1349 2823 anteriore

294 2867 405 2946 pacto,
419 2858 479 2944 qui
505 2880 565 2943 per
590 2860 736 2944 elapsam
763 2857 853 2923 VIII
880 2857 1098 2925 indictionem
1123 2860 1212 2925 inter
1237 2866 1350 2946 partes

294 2968 504 3050 provenerat,
531 2963 681 3028 restituit
711 2963 800 3048 ipsas
832 2964 997 3047 praelatas
1029 2964 1195 3042 civitates,
1222 2963 1350 3030 addens

295 3073 331 3133 et
352 3074 500 3133 castrum
521 3067 581 3151 qui
604 3067 862 3153 cognominatur
886 3064 1106 3131 Comiaolum.
1152 3067 1204 3133 De
1228 3068 1350 3153 quibus

295 3170 449 3237 omnibus
464 3171 607 3255 receptis
623 3170 815 3260 civitatibus
832 3169 1047 3237 donationem
1059 3172 1095 3234 in
1107 3172 1240 3257 scriptis
1251 3172 1350 3238 beato

295 3275 398 3341 Petro
421 3282 524 3359 atque
548 3282 662 3339 sancte
688 3274 837 3339 Romane
865 3274 1025 3340 ecclcsiae
1051 3275 1107 3341 vel
1131 3276 1285 3341 omnibus
1314 3275 1351 3341 in

294 3385 497 3466 perpetuum
517 3377 731 3463 pontificibus
751 3377 934 3464 apostolice
953 3376 1042 3443 sedis
1058 3379 1171 3444 emisit
1184 3378 1351 3465 possiden-

295 3482 374 3561 das;
405 3503 471 3568 que
497 3488 532 3548 et
557 3503 664 3567 usque
692 3489 831 3548 actenus
853 3482 890 3546 in
912 3482 1050 3548 archivo
1076 3489 1191 3549 sancte
1218 3490 1349 3550 nostrae
1452 3487 1454 3491 ’

295 3586 452 3654 ecclesiae
468 3585 640 3651 recondita
657 3593 801 3652 tenetur.

338 3689 398 3756 Ad
411 3688 619 3775 recipiendas
635 3712 714 3756 vero
729 3690 817 3776 ipsas
839 3690 994 3757 civitates
1015 3690 1107 3757 misit
1128 3690 1199 3776 ipse
1223 3690 1352 3756 christi·

295 3795 473 3861 unissimus
489 3793 695 3860 Francorum
710 3816 768 3860 rex
784 3816 884 3859 suum
899 3796 1137 3873 consiliarium,
1154 3794 1190 3860 id
1205 3803 1257 3860 est
1272 3794 1352 3860 Ful·
1433 3876 1435 3881 Ι

294 3899 423 3978 redum,
443 3898 667 3967 venerabilem
689 3898 842 3964 abbatem
853 3908 887 3962 et
898 3898 1134 3983 presbiterum,
1147 3897 1304 3975 absolvit,
1317 3906 1352 3963 et

296 4004 458 4071 continuo
483 4003 556 4071 eius
582 4003 757 4069 eximietas
779 4001 927 4068 feliciter
950 4024 1027 4068 cum
1052 4004 1122 4070 suis
1147 4005 1350 4071 exercitibus

1168 4125 1189 4184 9
