3292 4809
538 616 615 667 rnn
636 616 939 669 momerium
960 618 1109 670 rnaron.
1282 603 1354 673 153

293 787 382 867 lone,
403 792 583 876 postquam
605 786 697 854 idem
719 784 887 853 Soldanus
910 787 1014 854 Terre
1041 786 1164 855 Sancte
1187 809 1227 855 ac
1253 788 1356 858 chris·

294 892 395 960 tianis
410 890 618 958 habitoribus
633 892 707 978 ejus
722 912 784 978 per
796 912 833 958 se
849 899 886 958 et
899 912 978 958 suos
993 891 1138 979 dampna
1156 893 1354 981 gravissim

293 1004 332 1064 et
359 994 609 1062 inextimabiles
639 994 780 1082 injurias
809 996 985 1083 irrogarat,
1011 995 1096 1062 iecit
1124 1016 1186 1081 per
1210 1018 1353 1085 regnum

294 1099 408 1168 Sicilie
429 1120 508 1167 cum
524 1098 682 1166 laudibus
704 1099 748 1167 ad
770 1098 923 1187 ejusdem
944 1098 1084 1166 Soldani
1106 1100 1352 1181 excellentiam,

293 1206 385 1272 sicut
404 1203 525 1282 fertur,
547 1203 728 1270 honorifice
750 1204 877 1291 suscipi
902 1210 939 1271 et
963 1204 1139 1293 magnifice
1169 1205 1352 1292 procurari.

294 1308 454 1375 Aliorum
464 1328 601 1395 quoque
615 1305 806 1374 infidelium
817 1310 1013 1395 perniciosis
1025 1314 1061 1376 et
1071 1307 1248 1375 horrendis
1263 1307 1354 1375 obse-

294 1413 384 1500 quiis
406 1420 526 1479 contra
547 1410 664 1479 fideles
685 1411 830 1479 abutens
851 1419 888 1479 et
913 1412 982 1479 illis
1008 1413 1068 1499 qui
1095 1411 1355 1499 dampnabiliter

294 1515 542 1603 vilipendentes
568 1515 802 1602 Apostolicam
827 1514 951 1583 Sedem
974 1516 1017 1584 ab
1041 1517 1173 1583 unitate
1201 1515 1353 1597 Ecclesia

294 1620 532 1699 discesserunt,
555 1641 738 1708 procurans
760 1619 924 1689 affinitate
950 1642 989 1687 ac
1013 1621 1166 1688 amicicia
1190 1619 1353 1708 copulari,

295 1725 383 1801 clare
392 1724 550 1791 memorie
562 1722 684 1790 ducem
695 1724 839 1792 Bavarie
849 1725 1029 1812 specialem
1041 1724 1191 1792 Ecclesia
1203 1723 1353 1791 Romane

296 1828 460 1925 devotum
479 1828 572 1908 iecit,
587 1828 677 1895 sicut
697 1850 759 1915 pro
781 1837 875 1897 certo
896 1830 1067 1908 asseritur,
1083 1828 1263 1895 christiana
1281 1827 1354 1895 reli·

295 1934 395 2023 gione
411 1931 578 2019 despecta,
593 1954 655 2020 per
668 1931 865 2000 Assassinos
880 1932 999 2012 occidi,
1014 1940 1051 2000 et
1065 1930 1210 2000 Vatacio
1231 1931 1296 1998 Dei
1317 1938 1354 1999 et

297 2037 446 2104 Ecclesia
461 2037 598 2103 inimico
615 2057 636 2103 a
651 2038 885 2105 communione
909 2035 1062 2104 fidelium
1083 2059 1144 2124 per
1165 2057 1354 2103 excommu-

297 2141 475 2209 nicationis
490 2140 699 2209 sentenciam
712 2163 791 2209 cum
809 2141 1019 2229 adjutoribus
1035 2147 1071 2208 et
1085 2141 1353 2219 consiliatoribus

296 2253 334 2314 et
357 2245 566 2312 sanctoribus
591 2245 661 2311 suis
684 2246 920 2333 sollempniter
943 2252 1106 2332 separato,
1129 2245 1233 2311 filiam
1258 2266 1354 2311 suam

296 2348 438 2416 tradidit
447 2350 485 2415 in
494 2370 646 2416 uxorem.
692 2348 946 2417 catholicorum
957 2371 1036 2417 vero
1051 2348 1241 2437 principum
1256 2356 1354 2416 aetus

297 2462 335 2521 et
346 2475 455 2520 mores
470 2467 642 2540 respuens,
657 2453 813 2542 neglecta
827 2454 947 2522 salutis
968 2475 1029 2520 suc
1051 2461 1088 2520 et
1107 2452 1197 2520 fame
1219 2452 1355 2542 integri-

297 2564 380 2637 tate,
391 2558 527 2645 pietatis
538 2558 695 2644 operibus
709 2579 778 2623 non
793 2557 953 2625 intendit.
999 2557 1161 2638 Quinimo
1171 2563 1213 2624 ut
1227 2555 1269 2623 de
1283 2556 1354 2624 suis

298 2661 435 2729 nefariis
455 2660 733 2729 dissolutionibus
755 2662 925 2741 sileamus,
940 2666 1024 2729 cum*
1041 2660 1199 2728 didicerit
1220 2668 1354 2727 tantum

298 2767 496 2854 opprimere,
511 2787 581 2831 non
598 2774 696 2832 curat
716 2787 891 2854 oppressos
913 2765 1173 2833 misericorditer
1193 2765 1354 2843 relevare,

298 2891 402 2937 manu
413 2870 486 2957 ejus
497 2878 539 2936 ut
552 2868 651 2937 decet
664 2870 850 2957 principem
864 2870 1084 2937 christianum
1099 2869 1144 2935 ad
1157 2869 1355 2957 elemosinas

208 3042 211 3048 ,
298 2996 367 3042 non
389 2982 538 3053 extenta,
554 2996 633 3040 oum
652 2973 874 3041 destructioni
896 2973 1112 3041 ecelesiarum
1134 2972 1298 3040 institerit
1319 2979 1357 3039 et

298 3079 472 3168 religiosas
487 3100 526 3145 ac
545 3079 629 3145 alias
651 3078 895 3145 ecclesiasticas
916 3078 1043 3166 jugiter
1064 3077 1237 3144 attriverit
1256 3075 1357 3143 afflic-

299 3184 391 3251 tione
406 3190 442 3251 et
455 3183 689 3269 persecutore
703 3203 882 3269 persones3
904 3202 967 3248 nec
983 3181 1141 3248 ecclesias
1160 3201 1223 3247 nec
1245 3202 1357 3247 mona·

299 3287 412 3366 steria,
429 3307 491 3354 seu
512 3274 583 3354 alia
601 3287 657 3373 pia
678 3287 754 3353 loca
776 3286 929 3353 cernitur
950 3286 1189 3352 construxisse.
1232 3283 1355 3351 Nonne

299 3390 406 3480 igitur
427 3389 490 3458 hec
515 3411 586 3456 non
607 3390 706 3469 levia,
728 3388 790 3457 sed
812 3388 959 3481 efficacia
979 3396 1062 3456 sunt
1087 3396 1288 3477 argumenta
1312 3387 1355 3455 de

239 3480 242 3485 ¹
299 3495 489 3582 suspicione
504 3482 632 3562 heresis
650 3502 768 3562 contra
789 3516 878 3573 eum,
894 3515 972 3560 cum
994 3500 1108 3559 tamen
1131 3492 1355 3558 hereticorum

300 3598 464 3666 vocabulo
478 3598 555 3665 illos
569 3598 624 3686 jus
639 3599 739 3665 civile
754 3598 921 3665 contineri
936 3604 1062 3664 asserat
1083 3602 1120 3663 et
1140 3595 1220 3662 latis
1242 3593 1357 3662 adver·

300 3723 357 3770 sus
372 3724 430 3771 eos
443 3704 626 3770 sentenciis
641 3702 762 3769 debere
776 3701 996 3769 subcumbere
1012 3702 1073 3788 qui
1090 3701 1145 3766 rel
1168 3699 1237 3765 levi
1260 3720 1357 3788 argu-

300 3814 416 3874 mento
438 3827 459 3872 a
481 3807 608 3895 judicio
629 3808 794 3874 catholice
817 3806 990 3895 religionis
1014 3812 1049 3871 et
1072 3804 1207 3870 tramite
1230 3802 1357 3870 detecti

301 3909 431 3978 inerint
453 3910 600 3978 deviare.
643 3911 773 4005 'Preter
794 3910 859 3977 hoc
880 3930 1025 3999 regnum
1047 3907 1162 3974 Sicilie
1186 3905 1279 3995 quod
1304 3913 1357 3973 est

300 4014 446 4103 speciale
468 4016 708 4105 patrimonium
730 4015 820 4082 beati
841 4014 947 4092 Petri,
970 4019 1007 4080 et
1027 4011 1117 4080 idem
1137 4012 1293 4109 princeps
1315 4010 1357 4084 ab
