3292 4809
295 614 337 683 '16
511 630 646 681 snnnor
668 630 882 680 nnnrmvnn
904 630 1137 680 noounnnrs.

294 801 436 887 regitur,
452 800 613 866 videlicet
636 801 820 865 auctoritas
843 820 938 865 sacra
959 800 1158 884 pontificum
1174 808 1208 865 et
1224 802 1350 887 regalis

293 911 453 990 potestas,
464 905 613 969 omnium
623 903 751 969 Christi
764 903 976 968 sacerdotum
989 904 1220 973 oboedientiae
1233 905 1349 969 devoti

293 1009 380 1074 oolla
392 1008 592 1074 submittere
604 1010 714 1093 parati
727 1030 853 1084 sumus,
864 1015 904 1071 ut
915 1010 1062 1093 propitia
1074 1008 1255 1073 divinitate
1268 1017 1349 1073 tem·

215 1156 216 1160 =
293 1113 433 1198 poribus
449 1113 557 1178 nostri
572 1114 783 1197 principatus
798 1113 941 1177 verbum
958 1112 1023 1177 Dei
1039 1113 1198 1197 expedite
1214 1134 1347 1178 currere

293 1236 361 1280 non
391 1215 611 1301 prohibeatur
636 1223 671 1282 et
697 1224 856 1301 paternas
878 1218 1013 1302 regulas
1035 1238 1074 1282 ac
1097 1217 1231 1281 decreta
1254 1239 1347 1281 sanc·

292 1321 433 1385 tissimis
455 1319 601 1385 diffinita
624 1321 776 1385 conciliis
805 1322 921 1386 nullus
948 1320 1071 1386 audeat
1093 1321 1219 1405 absque
1242 1342 1347 1406 penae

294 1419 458 1505 gravioris
483 1418 634 1485 vindicta
657 1420 818 1496 violare;-
835 1420 996 1504 quatinus
1026 1441 1086 1505 per
1107 1418 1213 1484 studii
1242 1422 1348 1485 nostri

294 1522 491 1589 instantiam
509 1524 674 1589 catholica
696 1524 837 1589 ecclesia
859 1544 938 1588 suae
962 1523 1137 1611 dignitatis
1161 1524 1348 1611 privilegiis

295 1625 472 1692 decoratur
486 1634 521 1693 et
537 1628 677 1692 Romani
692 1628 822 1712 imperii
838 1626 1004 1693 celsitudo
1021 1628 1056 1690 in
1072 1627 1254 1712 pristinum
1268 1649 1347 1693 suae

295 1731 525 1797 excellentiae.
570 1730 644 1796 Deo
660 1730 841 1816 adjuvante
857 1730 1068 1796 reformetur.

338 1834 386 1900 Et
411 1836 570 1921 quoniam
596 1834 816 1900 beatitudinis
843 1842 974 1900 vestrae
1001 1836 1150 1899 animum
1180 1834 1222 1901 de
1253 1836 1348 1902 obitu

294 1939 437 2025 predicti
451 1939 654 2006 serenissimi
669 1939 829 2025 principis
856 1939 979 2003 scimus
1002 1960 1070 2003 non
1093 1940 1260 2004 immerito
1278 1962 1349 2026 per-

294 2042 478 2121 turbatum,
490 2043 586 2109 vobis
601 2050 763 2127 tanquam
778 2043 868 2128 patri
882 2042 1056 2108 karissimo
1072 2052 1266 2109 constanter
1276 2066 1349 2129 pro·

294 2147 469 2224 mittimus,
490 2146 591 2232 quod,
614 2148 704 2211 sicut
726 2146 836 2212 eidem
857 2147 1002 2233 glorioso
1026 2146 1195 2231 quondam
1217 2148 1289 2233 regi
1311 2149 1346 2211 in

294 2252 390 2338 regni
419 2252 503 2316 solio
531 2251 762 2327 successimus,
792 2250 841 2313 ita
870 2249 1103 2316 hereditariam
1134 2250 1347 2315 dilectionem

294 2361 364 2420 tam
386 2354 429 2420 ad
450 2353 597 2421 vestram
618 2375 793 2439 personam
815 2354 951 2417 omnino
973 2354 1151 2439 specialem
1173 2376 1275 2439 quam
1304 2355 1348 2419 ad

294 2466 523 2524 sacrosanctae
539 2458 654 2522 matris
671 2464 807 2522 nostrae
827 2457 996 2522 Romanae
1019 2457 1198 2524 aecclesiae
1219 2480 1349 2544 promp
1416 2466 1419 2471 '

294 2563 456 2628 tissimam
472 2583 510 2626 ac
526 2560 775 2626 devotissimam
790 2560 1021 2626 defensionem
1035 2562 1262 2646 suscepimus3
1285 2562 1347 2628 hao

294 2667 424 2733 scilicet
438 2665 563 2730 ordinis
578 2666 717 2742 ratione,
730 2671 780 2742 ut,
797 2685 1029 2749 quaecumque
1052 2664 1095 2730 ad
1116 2664 1347 2732 liberationem

295 2777 330 2836 et
351 2770 605 2835 honorationem
627 2769 830 2854 apostolicae
852 2768 941 2834 sedis
964 2768 1155 2835 intenderat
1170 2776 1205 2834 et
1220 2769 1349 2834 ordina·

295 2880 399 2951 verat,
415 2894 476 2938 nos
501 2880 695 2938 constanter
717 2872 875 2957 perficere
898 2871 1103 2949 studeamus,
1119 2874 1168 2937 ita
1185 2880 1234 2951 ut,
1248 2873 1348 2959 ¹juxta

294 2977 429 3043 felicem
443 2976 487 3043 ad
507 2984 662 3043 sanctum
676 2976 787 3042 virum
807 2975 947 3040 Domini
964 2977 1226 3062 promissionem,
1241 2978 1349 3041 inimi-

295 3082 343 3147 cis
358 3082 479 3147 vestris
494 3081 623 3145 inimici
637 3080 742 3146 simus
758 3086 793 3145 et
807 3079 957 3145 odientes
972 3102 1032 3145 vos
1047 3080 1244 3167 affligamus.

339 3184 426 3251 Sane
441 3186 690 3272 prenominatos
704 3184 834 3270 legatos
850 3191 981 3248 nostros
999 3184 1201 3270 benignitati
1216 3192 1347 3250 vestrae

295 3295 425 3355 attente
442 3288 694 3364 committimus,
709 3295 750 3353 ut
771 3308 827 3351 eos
849 3308 909 3373 pro
931 3294 1066 3352 nostrae
1089 3287 1279 3354 dilectionis
1301 3290 1349 3352 in·

295 3394 388 3460 tuitu
403 3393 546 3480 benigne
562 3393 713 3458 tractetis
732 3392 822 3457 etin
840 3391 910 3456 suis
929 3391 1149 3476 petitionibus
1165 3391 1349 3457 clementer

297 3496 505 3573 exaudiatis3
526 3496 644 3561 intime
666 3496 767 3560 etiam
782 3502 949 3581 rogantes,
965 3502 1005 3559 ut
1020 3494 1180 3560 domnum
1195 3494 1349 3560 abbatem

297 3600 339 3667 de
354 3601 474 3681 Evera,
490 3600 585 3665 nobis
601 3606 669 3664 tam
687 3600 723 3662 in
739 3598 864 3664 divinis
886 3619 989 3683 quam
1013 3599 1049 3662 in
1071 3598 1227 3663 humanis
1249 3598 1348 3663 rebus

297 3704 530 3783 necessarium,
545 3702 690 3769 liberum
705 3701 801 3767 nobis
815 3703 1007 3768 remittatis.
