3292 4809
486 566 623 636 rnnron
646 566 692 614 or
715 566 791 613 reu
813 564 938 614 saxon
960 560 1165 614 nurunon's.
1310 552 1351 616 21

341 732 416 798 Hoc
447 732 565 798 eodem
595 738 744 817 tempore
769 731 942 798 Amaldus
969 754 1048 797 cum
1074 754 1180 799 uxore
1210 739 1245 799 et
1274 735 1351 801 liliis

297 836 473 923 Hungaria
495 835 637 913 rediens,
658 836 840 901 honorifice
862 858 883 900 a
906 836 1078 923 Bagoariis
1101 844 1204 923 atque
1228 838 1271 903 ab
1292 842 1353 904 ori-

296 938 463 1007 entalibus
478 940 660 1023 suscipitur
681 939 830 1005 Francis.
877 940 995 1024 Neque
1014 943 1104 1006 enim
1123 943 1231 1008 solum
1250 940 1353 1005 susci-

294 1046 396 1131 pitur,
412 1042 473 1109 sed
494 1051 535 1108 ut
556 1064 615 1108 rex
638 1042 707 1120 fiat,
723 1042 765 1108 ab
780 1043 821 1108 iis
837 1041 1054 1108 vehementer
1068 1044 1231 1108 hortatur.
1277 1043 1351 1108 Rex

296 1149 477 1214 Heinricus
507 1168 584 1212 cum
614 1146 844 1232 obtemperare
878 1147 947 1211 suis
986 1168 1100 1212 omnes
1137 1147 1350 1233 jussionibus,

295 1251 485 1317 Amaldum
508 1250 716 1315 solummodo
739 1250 894 1316 resistere
917 1257 1078 1328 cemeret
1094 1250 1267 1335 pervalido
1288 1252 1353 1317 col·

295 1356 384 1423 lecto
407 1355 568 1431 exercitu,
592 1353 792 1440 Bagoariam
815 1353 936 1419 tendit.
992 1354 1094 1434 Quod
1116 1354 1289 1420 Arnaldus
1311 1361 1352 1420 ut

295 1459 437 1537 audivit,
465 1459 536 1544 ejus
567 1478 635 1522 non
665 1478 782 1542 passus
813 1466 867 1523 est
894 1459 932 1522 in
961 1458 1126 1544 Bagoaria
1155 1459 1351 1543 praestolari

296 1564 498 1638 adventum3
529 1583 647 1627 verum
670 1562 831 1639 collectio,
856 1560 979 1646 quibus
1002 1562 1121 1639 valuit5
1144 1563 1249 1647 copiis
1271 1562 1350 1629 huic

295 1668 428 1734 obviam
442 1672 606 1751 properat.
653 1664 804 1749 Cuperat
819 1686 898 1731 sane
914 1666 1036 1750 etipse
1051 1687 1111 1731 rex
1128 1666 1209 1732 fieri.
1252 1665 1352 1731 Oum-

296 1794 362 1857 que
382 1771 474 1835 ineo
490 1775 586 1846 esset,
606 1776 646 1834 ut
668 1768 796 1834 bellum
819 1770 945 1854 pariter
965 1770 1051 1834 inire
1074 1768 1245 1848 deberent,
1261 1770 1351 1842 sicut

258 1885 261 1889 ’
295 1876 349 1942 vir
374 1874 507 1960 sapiens
532 1880 566 1951 et
592 1872 658 1938 Dei
684 1874 806 1938 timens
833 1894 893 1938 rex
920 1873 1100 1939 Heinricus
1128 1874 1281 1960 cogitans
1306 1865 1350 1940 ex

295 1988 439 2065 utraque
465 1984 560 2063 parte
587 1976 850 2062 inrecuperabile
876 1998 971 2062 posse
999 1976 1159 2042 damnum
1188 1978 1350 2057 accidere,

295 2082 458 2160 rimaldo,
483 2082 642 2167 quatinus
665 2102 743 2166 cum
765 2082 837 2147 solo
859 2081 951 2146 solus
973 2081 1142 2167 loquatur,
1160 2080 1349 2147 denuntiat.

295 2188 425 2252 Putans
443 2187 549 2273 igitur
564 2184 747 2262 Arualdus,
764 2207 832 2270 quo
854 2185 1019 2272 singulari
1042 2206 1077 2250 se
1100 2186 1226 2251 acciret
1248 2194 1350 2251 certa

294 2293 395 2368 mine,
411 2290 455 2355 ad
471 2288 664 2355 'condictum
687 2290 799 2355 locum
815 2290 908 2355 solus
930 2289 1014 2354 hora
1035 2295 1165 2354 statuta
1186 2290 1349 2374 pervenit.

296 2396 408 2476 Quem
430 2394 494 2459 sibi
512 2393 645 2458 obviam
664 2400 900 2479 properantem
919 2415 979 2459 rex
1005 2392 1186 2459 Heinricus
1212 2394 1273 2459 tali
1299 2399 1351 2459 eat

294 2521 446 2566 sermone
462 2498 657 2585 adgressus:

470 2651 576 2705 Insana
587 2650 705 2706 Domini
716 2650 802 2722 jussis
814 2650 885 2721 quid
896 2654 992 2705 mente
1004 2651 1132 2707 resistis?

506 2739 590 2803 Quod
601 2738 722 2808 populus
733 2755 830 2809 regem
841 2755 886 2792 me
898 2738 977 2808 cupit
989 2756 1058 2803 esse,
1072 2738 1153 2804 scias,

470 2825 594 2896 Imperio
607 2825 723 2889 Christi,
738 2843 794 2895 quo
806 2829 919 2879 constat
931 2826 1064 2880 machina
1075 2825 1191 2891 mundi;

506 2913 642 2967 Tartarus
654 2912 731 2966 hunc
743 2912 855 2978 metuit,
867 2911 943 2966 hunc
957 2913 1092 2983 Flegeton
1106 2911 1220 2979 timuit3

471 2999 600 3055 Conterit
611 2999 657 3053 hic
670 2999 776 3053 nitidos
789 3016 869 3070 reges
882 3000 1046 3069 dudumque
1058 3000 1221 3054 tremendos

506 3086 702 3157 Sublimesque
714 3087 829 3153 volens;
847 3086 932 3157 erigit
943 3086 991 3140 hic
1003 3086 1129 3152 miseros,

471 3175 535 3240 Quo
547 3174 663 3228 meritas
676 3174 799 3229 Domino
811 3174 909 3228 laudes
921 3191 971 3244 per
983 3174 1078 3228 secula
1089 3174 1210 3229 solvant.

506 3262 587 3315 Tune
600 3261 728 3331 superbe,
741 3277 813 3327 reus,
826 3260 941 3331 perfide,
954 3261 1032 3326 dure,
1044 3260 1135 3327 ferox,

470 3348 600 3403 Invidiae
612 3348 735 3403 stimulis
748 3365 868 3418 seraque
879 3348 1013 3418 cupidine
1024 3352 1125 3414 tactus,

505 3435 631 3506 Corpora
641 3434 834 3489 christicolum
846 3435 961 3505 perdere
973 3435 1055 3490 valde
1067 3435 1151 3490 sitis?

471 3523 502 3578 Si
512 3539 608 3593 regern
619 3522 740 3593 populus
752 3526 867 3592 cuperet
878 3539 1049 3592 praeponere
1061 3525 1157 3588 temet,

504 3610 639 3664 Protinus
651 3609 675 3663 is
687 3626 785 3674 essem,
799 3608 849 3679 qui
860 3608 952 3680 magis
964 3609 1017 3663 hoe
1029 3613 1151 3680 cuperet.

337 3749 413 3815 Hoc
428 3748 534 3835 igitur
549 3746 754 3833 quadrifario
766 3747 900 3812 dicendi
914 3769 1047 3835 genere,
1059 3749 1193 3834 copioso
1208 3746 1347 3825 scilicet,

292 3853 396 3931 brevi,
412 3853 500 3919 sicco
515 3859 550 3916 et
564 3850 693 3928 florido,
708 3873 768 3916 rex
785 3851 977 3929 Heinricus,
993 3860 1034 3917 ut
1052 3859 1124 3917 erat
1146 3852 1250 3916 animi
1271 3873 1348 3937 pru·

201 3988 204 3995 ’
292 3957 385 4037 dens,
401 3955 545 4022 Arnaldi
561 3955 710 4019 animum
724 3956 886 4033 muleens,
902 3955 946 4019 ad
960 3976 1038 4021 suos
1053 3954 1165 4021 rediit.
