3292 4809
307 580 351 647 22
526 598 660 649 snnncr
684 598 891 649 unnmvna
915 549 1144 651 noeminnrs.

351 763 525 832 Amaldus
537 788 627 846 vero,
644 788 721 833 cum
737 768 807 834 suis
821 768 905 835 hacc
920 769 1033 835 omnia
1054 767 1234 845 retulisset,
1248 763 1370 851 hujus·

306 867 398 935 modi
420 869 464 936 ab
485 870 533 936 eis
556 869 689 936 audivit
708 872 907 960 ἁπόκρισην,
923 872 1099 957 apocrisin,
1115 870 1151 935 id
1166 876 1217 937 est
1232 888 1370 955 respon-

306 973 453 1039 sionem:
478 971 646 1059 Sapientis
668 975 771 1053 illius,
787 976 890 1041 immo
913 976 1097 1061 sapientiae
1112 995 1209 1041 verae
1230 978 1371 1038 senten·

306 1076 399 1154 tiam,
430 1097 517 1163 quae
555 1077 621 1143 ait:
661 1077 759 1144 “Per
793 1100 848 1144 me
885 1080 973 1167 regis
1009 1084 1161 1166 regnant,
1197 1076 1370 1162 principes

305 1179 483 1266 imperant,
506 1187 542 1246 et
562 1180 747 1267 prudentes
772 1182 940 1268 justitiam
961 1180 1178 1259 decemunt‚''
1201 1180 1369 1264 illamque

306 1284 451 1369 apostoli
474 1283 617 1349 dicentia
638 1285 761 1370 “quod
783 1274 891 1352 omnis
914 1285 1081 1351 ordinatio
1103 1306 1124 1350 a
1145 1283 1220 1350 Deo
1243 1290 1307 1360 est,
1331 1289 1371 1349 ct

300 1387 361 1466 qui
372 1387 538 1470 potestati
549 1388 687 1465 resistit,
699 1387 766 1453 Dei
777 1387 984 1453 ordinationi
995 1389 1156 1466 resistit‚”
1168 1388 1247 1475 quis
1263 1384 1372 1452 ambi-

305 1486 383 1574 git?
411 1485 443 1551 N
444 1489 632 1572 equeienim
647 1488 684 1553 in
698 1489 799 1575 hujus
816 1490 981 1557 electione
996 1491 1103 1556 totius
1117 1490 1235 1576 populi
1250 1496 1371 1575 posset

305 1610 379 1657 esse
395 1591 527 1656 animus
543 1613 641 1670 unus,
653 1593 682 1657 si
697 1613 717 1657 a
730 1592 898 1660 Trinitate
913 1614 1053 1671 summa,
1066 1614 1152 1679 quae
1164 1613 1253 1658 unus
1268 1592 1370 1659 Deus

305 1699 369 1772 est,
391 1701 471 1759 ante
495 1694 614 1760 mundi
638 1696 916 1762 constitutionem
939 1718 1008 1762 non
1032 1704 1120 1762 essct
1142 1697 1282 1762 electus.
1329 1695 1371 1762 Si

305 1796 414 1863 bonus
428 1796 543 1877 fuerit,
560 1798 754 1887 diligendus
770 1800 844 1877 erit,
859 1799 1021 1885 Deusque
1039 1801 1075 1863 in
1093 1821 1133 1866 eo
1150 1797 1346 1865 laudandus
1360 1824 1370 1877 3

306 1901 336 1967 si
365 1922 446 1968 vero
476 1903 595 1981 malus,
623 1904 849 1990 equanimiter
879 1901 1084 1969 tolerandus.
1144 1901 1372 1968 Subditorum

304 2025 452 2092 nemque
474 2007 676 2093 plerumque
700 2007 847 2093 exigunt
868 2006 999 2083 merita,
1018 2006 1179 2092 quatinus
1201 2027 1372 2072 nonnum-

305 2128 409 2195 quam
434 2131 455 2175 a
477 2110 636 2196 praelatis
661 2118 860 2198 graventur,
884 2130 953 2174 non
976 2116 1148 2197 regantur.
1202 2109 1372 2195 Aequum

303 2218 420 2278 autem
441 2214 638 2300 justumque
661 2213 759 2280 nobis
781 2211 928 2290 videtur,
946 2219 987 2278 ut
1008 2234 1028 2277 e
1049 2213 1188 2279 caeteris
1210 2233 1281 2278 non
1303 2212 1372 2279 dis·

303 2316 463 2395 sentiens,
475 2317 567 2383 hunc
581 2339 697 2404 regem
713 2317 865 2403 eligeres,
879 2316 950 2401 ipse
965 2337 1045 2381 vero
1059 2323 1105 2393 te,
1120 2323 1162 2381 ut
1175 2323 1246 2381 tam
1260 2315 1372 2382 fortu-

303 2425 424 2485 natum
439 2428 475 2487 et
489 2420 714 2506 praedivitem
730 2420 852 2496 virum,
864 2418 927 2483 hoc
943 2424 1042 2503 pacto
1057 2417 1181 2496 bearet,
1193 2418 1371 2506 animique

302 2523 357 2589 tui
372 2521 520 2589 furorem
535 2524 713 2600 mulceret,
737 2528 778 2586 ut
800 2520 893 2607 quod
915 2520 1104 2587 decessores
1126 2543 1196 2587 non
1217 2521 1370 2591 habuere

302 2626 368 2698 tui,
381 2624 445 2692 tibi
467 2626 686 2704 condedatur,
707 2625 840 2692 scilicet
862 2624 1023 2709 quatinus
1046 2626 1154 2691 totius
1178 2625 1371 2713 Bagoariae

302 2728 478 2817 pontifices
500 2738 580 2797 tuae
604 2728 803 2815 subjaceant
826 2726 961 2803 dicioni,
977 2734 1103 2812 tueque
1125 2730 1172 2794 sit
1193 2732 1371 2814 potestati,

301 2854 372 2899 uno
384 2831 547 2900 defuncto
563 2833 711 2898 alterum
728 2830 893 2895 ordinare.
940 2827 1110 2895 Conivens
1125 2831 1233 2917 igitur
1244 2830 1373 2899 Arnal-

301 2936 366 3001 dus
404 2956 543 3003 suorum
578 2936 643 3002 hoc
677 2933 807 3019 optimo
838 2930 994 3016 bonoque
1028 2932 1179 3011 consilio,
1211 2932 1372 3003 Heinrici

300 3040 391 3127 regis
413 3039 509 3106 miles
532 3039 688 3115 efficitur,
713 3041 749 3101 et
770 3034 813 3100 ab
835 3055 884 3111 eo,
907 3040 949 3099 ut
969 3033 1037 3118 jam
1059 3033 1190 3101 dictum
1213 3045 1275 3116 est,
1291 3059 1374 3105 con.

300 3142 401 3209 cessis
417 3142 524 3209 totius
538 3140 728 3231 Bagoariae
743 3134 959 3223 pontificibus
974 3134 1168 3203 honoratur.

768 3328 908 3358 -οου-

589 3484 691 3553 OTHO
714 3482 740 3545 1.
760 3481 804 3543 Ili
826 3478 928 3543 ROB
952 3478 1081 3546 (962-3).

600 3627 770 3695 [rrutprann
784 3626 841 3673 nn.
853 3623 964 3681 muno,
975 3636 998 3670 ο.
1009 3623 1033 3679 c,
1042 3622 1077 3684 a]

340 3774 371 3839 3.
395 3771 464 3840 Ubi
497 3771 552 3860 [in
583 3763 713 3851 Rome]
746 3760 833 3824 miro
862 3763 983 3822 ornatu
1011 3776 1168 3845 novoque
1199 3777 1373 3849 apparatu

293 3883 483 3964 susceptus,
498 3872 679 3942 abeodem
694 3882 830 3931 summo
849 3858 1008 3945 pontifice
1024 3866 1059 3923 et
1072 3863 1257 3930 universali
1278 3892 1373 3959 papa

293 3981 451 4050 Johanne
466 3979 667 4047 unctionem
681 3964 837 4051 suscepit
850 3960 1001 4046 imperii;
1022 3960 1133 4027 solum
1147 3969 1285 4053 propria
1296 3994 1372 4045 non
