3292 4809
425 638 562 698 nmmo
584 636 631 730 or
653 637 729 696 mn
751 636 996 697 salicorum
1017 635 1224 698 emenone.
1309 617 1353 697 tt

293 816 364 882 sive
387 817 503 902 gestis,
527 816 630 882 etiam
653 816 723 882 illa'
739 815 830 881 beati
855 814 1116 902 praedecessoris
1139 815 1261 882 Leonis
1282 835 1355 881 sen-

294 921 402 986 tentia
423 921 608 986 recolatur:
638 919 802 998 “Nulla’'
818 920 942 1005 inquit,
959 920 1075 985 “ratio
1095 920 1187 997 sinit,
1202 925 1244 985 ut
1264 920 1354 984 inter

294 1025 466 1111 episcopos
481 1023 677 1102 habeantur,
696 1025 756 1109 qui
770 1045 833 1090 nec
848 1044 868 1089 a
883 1024 1013 1089 clericis
1028 1031 1110 1089 sunt
1130 1024 1240 1101 electi,
1255 1044 1318 1089 nec
1333 1044 1354 1089 a
1477 1059 1480 1064 ·

293 1128 446 1216 plebibus
462 1129 617 1215 expetiti,
630 1150 692 1194 nec
708 1149 729 1193 a
744 1127 1081 1214 comprovincialibus
1097 1128 1260 1214 episcopis
1276 1147 1354 1193 cum

293 1234 543 1319 metropolitani
558 1231 683 1298 iudicio
699 1230 916 1298 consecrati.'’
956 1230 1046 1312 Quia
1057 1253 1136 1298 vero
1151 1230 1247 1297 sedes
1262 1252 1355 1318 apos·
1425 1308 1432 1321 .

293 1338 396 1402 tolica
411 1337 543 1403 cunctis
558 1338 595 1400 in
606 1336 684 1403 orbe
701 1344 867 1402 terrarum
881 1335 1072 1423 praefertur
1082 1336 1233 1402 ecclesiis
1248 1342 1351 1420 atque

293 1439 370 1506 ideo
384 1462 487 1527 super
500 1462 536 1507 se
551 1441 849 1527 metropolitanum
869 1439 990 1506 habere
1006 1461 1073 1506 non
1088 1445 1211 1525 potest,
1227 1437 1355 1504 cardin·

293 1545 363 1611 ales
379 1545 527 1631 episcopi
541 1545 660 1631 procul
675 1544 777 1610 dubio
793 1544 1043 1630 metropolitani
1058 1545 1132 1610 vice
1148 1542 1353 1631 funguntur,

294 1650 355 1735 qui
369 1648 530 1715 videlicet
552 1649 699 1716 electum
722 1650 910 1716 antistitem
936 1648 980 1714 ad
1002 1648 1176 1733 apostolici
1196 1647 1354 1714 culminis

294 1753 422 1838 apicem
437 1753 639 1839 provehunt.

339 1856 369 1922 3.
392 1856 533 1944 Eligant
547 1865 661 1924 antem
676 1856 718 1926 de
734 1858 840 1944 ipsius
855 1857 1014 1924 ecclesiae
1030 1856 1168 1945 gremio,
1183 1856 1213 1923 si
1234 1855 1356 1941 reperi-

294 1967 352 2026 tur
373 1960 525 2039 idoneus‚
541 1962 597 2027 vel
611 1962 641 2027 si
656 1959 698 2028 de
714 1962 787 2048 ipsa
808 1983 878 2027 non
898 1962 1098 2039 inventitur,
1114 1983 1157 2027 ex
1178 1960 1245 2025 alia
1266 1980 1355 2026 assu-

294 2072 416 2132 matur.

337 2168 369 2233 4.
393 2166 495 2234 Salvo
511 2168 624 2235 debito
638 2169 765 2236 honore
781 2177 817 2236 et
831 2169 1022 2237 reverentia
1037 2168 1153 2236 dilecti
1168 2168 1231 2234 filii
1245 2168 1354 2234 nostri

295 2273 436 2338 Henrici
469 2273 529 2358 qui
558 2260 858 2360 inpraesentiarum
886 2295 947 2340 rex
981 2273 1127 2340 habetur
1156 2280 1192 2340 et
1216 2272 1354 2339 futurus

293 2378 474 2464 imperator
485 2376 549 2443 deo
564 2377 768 2444 concedente
783 2384 947 2464 speratur,
960 2378 1050 2444 sicut
1064 2379 1131 2443 iam
1145 2377 1209 2443 sibi
1224 2399 1356 2445 conces·

293 2482 399 2549 simus
422 2488 459 2548 et
480 2481 726 2548 successoribus
741 2483 846 2560 illius,
863 2483 923 2568 qui
937 2483 980 2548 ab
993 2483 1056 2548 hac
1071 2483 1255 2569 apostolica
1273 2482 1353 2550 sede

294 2586 515 2672 personaliter
528 2586 592 2652 hoc
607 2587 661 2653 ius
675 2588 940 2673 impetraverint.
1426 2665 1428 2669 f

338 2688 367 2756 5.
394 2688 526 2770 Quodsi
552 2712 732 2776 pravorum
761 2699 863 2777 atque
885 2691 1080 2777 iniquorum
1106 2691 1281 2756 hominum
1306 2691 1355 2756 ita

294 2796 496 2881 perversitas
522 2795 715 2873 invaluerit,
739 2801 780 2860 nt
800 2816 896 2882 pura,
922 2796 1053 2861 sincera
1079 2802 1181 2881 atque
1204 2796 1355 2884 gratuita

294 2899 416 2964 electio
434 2898 506 2964 fieri
528 2900 564 2963 in
581 2899 672 2965 Urbe
689 2920 757 2964 non
779 2900 896 2985 possit,
912 2899 1098 2964 cardinales
1113 2899 1260 2985 episcopi
1276 2920 1355 2965 cnm

294 3002 460 3089 religiosis
487 3003 619 3068 clericis
646 3003 888 3089 catholicisque
915 3002 1021 3080 laicis,
1044 3003 1126 3068 licet
1150 3004 1276 3089 paucis,
1299 3004 1353 3069 ius

294 3106 472 3192 potestatis
488 3105 663 3174 obtineant
681 3107 805 3193 eligere
821 3106 1128 3193 apostolicaesedis
1150 3107 1353 3193 pontificem,

294 3210 348 3274 uti
362 3210 604 3297 congruentius
620 3210 856 3276 indicaverint.
1074 3237 1076 3241 ¹

339 3313 370 3377 6.
393 3312 500 3379 Plane
516 3321 696 3400 postquam
712 3314 834 3380 electio
849 3312 954 3379 fuerit
972 3313 1073 3392 facta,
1088 3314 1117 3380 si
1139 3314 1260 3380 bellica
1274 3322 1355 3380 tem-

294 3423 417 3503 pestas,
433 3418 489 3483 vel
513 3418 768 3503 qualiscumque
784 3418 960 3483 hominnm
976 3425 1117 3483 conatus
1133 3419 1353 3505 malignitatis

294 3520 409 3586 studio
423 3522 597 3599 restiterit,
613 3527 655 3587 ut
675 3522 780 3607 isqui
803 3522 931 3587 electus
947 3529 1000 3587 est
1021 3524 1057 3587 in
1075 3523 1259 3608 apostolica
1273 3522 1352 3588 sede
1440 3533 1444 3539 “

294 3625 392 3688 iuxta
401 3625 681 3691 consuetudinem
690 3626 886 3691 intronizari
895 3646 964 3690 non
974 3626 1095 3703 valeat,
1103 3626 1231 3692 electus
1240 3634 1352 3691 tamen

294 3728 385 3794 siout
398 3749 485 3815 papa
500 3729 734 3795 anctoritatem
749 3728 901 3795 obtineat
911 3729 1053 3816 regendi
1067 3736 1218 3795 sanctam
1234 3729 1354 3795 'Roma-

295 3852 374 3897 nam
386 3833 560 3898 ecclesiam
573 3839 609 3897 et
620 3831 820 3918 disponendi
832 3854 945 3897 omnes
958 3831 1137 3898 facultates
1148 3832 1251 3910 illius,
1261 3832 1353 3918 qnod

294 3935 432 4002 beatum
442 3935 645 4026 Gregorium
654 3940 733 4001 ante
744 3935 1027 4015 consecrationem
1035 3955 1132 4000 suam
1146 3933 1265 4002 fecisse
1278 3957 1353 4025 cog-

294 4061 477 4107 noscimus.
