3292 4809
317 627 320 635 .
369 596 507 647 rnaron
528 596 576 646 or
597 596 672 645 rme
693 593 940 645 rnnnoournn
961 594 1168 644 mffnsoas.
1250 574 1292 643 41

236 765 413 845 strinxisti,
436 764 529 851 quod
553 785 729 852 nunquam
750 764 887 832 vivente
911 764 985 850 ipso
1007 764 1218 850 imperatore,
1232 769 1294 829 aut

237 869 307 935 filio
330 869 401 956 ejus
425 869 561 935 domino
584 877 699 935 nostro
721 857 869 956 glorioso
890 890 979 956 rege,
1003 869 1063 954 qui
1085 867 1185 933 modo
1207 889 1295 934 sum·

237 996 309 1041 mae
334 996 449 1040 rerum
473 981 614 1059 praeest,
640 982 803 1061 papatum
829 979 891 1039 aut
915 974 986 1058 ipse
1012 973 1208 1058 susciperes,
1233 980 1294 1038 aut

237 1078 342 1144 alium
363 1086 530 1164 quantum
551 1078 589 1142 in
610 1085 645 1144 te
668 1085 757 1144 esset
782 1078 951 1163 suscipere
974 1077 1145 1163 patereris,
1167 1076 1292 1163 absque

237 1204 374 1249 assensu
401 1190 436 1249 et
461 1182 678 1248 laudamento
700 1182 757 1249 vel
779 1182 884 1268 patris
907 1181 989 1246 dum
1013 1182 1151 1260 viveret,
1174 1188 1210 1248 et
1231 1182 1293 1246 ffljj
1420 1182 1423 1186 .

237 1286 319 1352 dum
348 1292 384 1353 et
412 1287 484 1372 ipse
510 1287 650 1353 viveret.
695 1285 821 1373 Adque
851 1286 914 1352 hoc
940 1293 1185 1352 sacramentum
1211 1292 1294 1352 sunt

236 1390 336 1456 hodie
359 1397 463 1456 testes
485 1391 639 1476 plerique
662 1392 821 1476 episcopi,
846 1391 906 1476 qui
928 1389 991 1456 hoc
1015 1396 1098 1456 tunc
1126 1396 1162 1456 et
1185 1390 1292 1455 oculis

237 1495 307 1561 suis
321 1493 435 1560 videre
458 1501 495 1560 et
515 1493 652 1560 auribus
674 1494 820 1560 audiere.
866 1493 961 1558 Illud
982 1493 1086 1560 etiam
1107 1493 1291 1570 recordare,

238 1597 406 1685 quomodo
428 1604 469 1663 tu
490 1599 572 1683 ipse,
589 1619 667 1664 cum
689 1599 821 1685 aliquos
844 1620 887 1664 ex
909 1584 1133 1663 cardinalibus
1155 1597 1293 1664 ambitio

236 1712 379 1789 papatus
394 1702 561 1780 titillaret,
576 1701 620 1767 ad
635 1702 820 1769 tollendam
835 1701 1102 1778 aemulationem,
1116 1701 1179 1767 hac
1203 1722 1294 1767 occa

235 1805 329 1869 sione
342 1812 377 1870 et
388 1804 583 1870 conditione
597 1812 637 1869 ut
652 1804 744 1870 idem
755 1804 818 1870 hoo
830 1805 896 1890 ipsi
907 1804 1068 1881 facerent,
1084 1812 1292 1871 sacramento

237 1914 272 1973 te
299 1905 467 1994 obligasti,
494 1906 587 1993 quod
609 1915 785 1993 nunquam
807 1915 970 1993 papatum
989 1906 1166 1974 habiturus
1192 1931 1292 1984 esses.

238 2010 393 2096 Utraque
408 2010 491 2076 haec
507 2018 715 2076 sacramenta
736 2032 838 2097 quam
861 2018 975 2077 sancte
998 2010 1236 2090 observaveris,
1252 2020 1294 2078 tu

238 2114 373 2185 videris.
418 2114 598 2181 Praeterea
613 2136 692 2180 cum
706 2122 855 2200 tempore
876 2114 1008 2181 Nicolai
1023 2137 1128 2201 papae
1143 2116 1293 2203 synodus

237 2218 471 2296 celebraretur,
487 2220 524 2282 in
539 2239 607 2304 qua
622 2217 686 2283 125
702 2218 850 2304 episcopi
862 2218 1093 2297 consederant,
1104 2219 1169 2285 sub
1179 2220 1294 2286 anath·

238 2332 345 2390 emate
363 2323 400 2388 id
421 2330 589 2389 statutum
610 2330 646 2388 et
668 2321 841 2387 decretum
863 2330 925 2400 est,
940 2330 981 2387 ut
1003 2323 1119 2389 nullus
1141 2346 1293 2410 unquam

237 2448 324 2513 papa
338 2427 444 2506 fieret,
460 2427 526 2492 nisi
541 2449 601 2512 per
616 2426 816 2492 electionem
838 2418 1059 2491 cardinalium
1080 2435 1116 2493 et
1137 2428 1295 2518 approba·

238 2532 365 2597 tionem
386 2531 505 2617 populi
526 2538 563 2597 et
584 2552 644 2616 per
667 2552 866 2596 consensum
888 2531 1171 2618 autoritatemque
1194 2533 1293 2619 regis.

238 2634 356 2721 Atque
371 2635 473 2722 hujus
489 2636 620 2702 consilii
632 2656 692 2701 seu
701 2633 831 2700 decreti
843 2642 883 2699 tu
894 2634 965 2719 ipse
977 2642 1105 2712 auctor,
1117 2656 1294 2721 persuasor

237 2738 510 2826 subscriptorque
536 2738 644 2805 fuisti.
689 2737 748 2803 Ad
773 2738 838 2804 hoc
865 2739 962 2824 quasi
988 2727 1116 2804 ioetore
1146 2739 1294 2825 quodam

237 2843 427 2930 gravissimi
441 2842 592 2908 scandali
606 2849 714 2908 totam
728 2841 905 2908 ecclesiam
920 2841 1057 2928 replesti
1073 2842 1115 2909 de
1134 2845 1294 2910 convictu

238 2953 274 3012 et
309 2946 556 3013 cohabitatione
592 2947 721 3013 alienae
757 2946 906 3012 mulieris
943 2944 1160 3025 familiariori,
1192 2968 1294 3034 quam

238 3071 374 3116 necesse
390 3058 451 3116 est.
498 3052 628 3138 Inque
650 3072 685 3116 re
700 3050 904 3117 verecundia
926 3058 1042 3116 nostra
1064 3052 1169 3138 magis
1192 3073 1294 3137 quam

239 3175 340 3220 causa
364 3153 503 3232 laborat,
528 3156 682 3241 quamvis
706 3154 789 3220 haec
814 3154 981 3241 generalis
1006 3154 1143 3239 querela
1166 3155 1292 3241 ubique

238 3260 459 3345 personuerit,
472 3260 582 3324 omnia
596 3258 732 3346 judicia,
748 3259 861 3323 omnia
876 3256 1012 3324 decreta
1025 3280 1087 3343 per
1100 3258 1242 3325 feminas
1257 3260 1294 3323 in

239 3362 423 3449 apostolica
448 3362 527 3430 sede
553 3363 697 3440 actitari,
722 3361 868 3448 denique
895 3382 956 3447 per
977 3361 1068 3427 hunc
1092 3362 1295 3428 feminarum

239 3487 367 3544 novum
395 3473 552 3533 senatum
581 3473 693 3533 totum
722 3465 837 3531 orbem
867 3466 1028 3532 ecclesiae
1057 3466 1294 3533 administrari.

239 3569 327 3635 Nam
343 3570 384 3637 de
398 3571 529 3658 injuriis
548 3577 583 3637 et
605 3570 819 3636 contumeliis
842 3570 1085 3656 episcoporum,
1101 3592 1186 3657 quos
1208 3571 1295 3637 filios

240 3675 455 3741 meretricum
478 3683 514 3741 et
539 3682 650 3741 cetera
674 3673 712 3739 id
737 3695 845 3761 genus
872 3673 1105 3762 indignissime
1136 3674 1295 3760 appellas,

240 3778 337 3844 nulla
367 3779 573 3866 querimonia
602 3778 737 3845 sufficit.
795 3776 885 3858 Quia
914 3800 995 3867 ergo
1025 3779 1185 3845 introitus
1214 3786 1295 3845 tuus

240 3884 346 3949 tantis
367 3883 522 3970 perjuriis
545 3890 597 3950 est
617 3884 782 3960 initiatus,
798 3888 835 3949 et
856 3883 997 3949 ecclesia
1019 3883 1085 3949 Dei
1107 3890 1178 3949 tam
1199 3884 1296 3972 gravi
1329 3938 1331 3941 ,

241 3993 441 4073 tempestate
459 4009 519 4074 per
540 3986 734 4054 abusionem
756 3993 894 4055 tuarum
916 3987 1108 4057 novitatum
1130 3987 1298 4079 periclita-
