3292 4809
531 610 606 657 rnn
627 610 929 660 nonnusrsurnn
952 611 1096 659 rnsron.
1270 593 1335 659 121

287 776 389 843 Terre
404 775 525 843 Sancte
540 799 576 844 se
591 778 733 844 viriliter
748 785 784 845 et
797 786 954 865 potenter
967 779 1154 869 accingant.
1195 778 1243 844 Et
1256 780 1337 846 licet
1405 775 1410 785 ’

285 881 385 946 multi
400 882 576 967 principes,
591 881 732 947 barones
748 890 783 948 et
797 884 922 948 milites
939 890 1018 949 vota
1033 890 1148 948 nostra
1165 882 1338 949 humiliter

285 993 535 1071 prosequentes,
551 986 704 1074 insigniti
718 987 789 1052 sint
802 987 971 1074 signiculo
981 994 1095 1053 sancte
1108 988 1227 1065 crucis,
1238 988 1337 1073 pauci

284 1098 397 1156 tamen
412 1090 692 1155 suntinarticulo
703 1092 915 1156 necessitatis
926 1091 1094 1156 instantis.
1139 1091 1202 1156 Eia
1213 1093 1337 1157 milites

284 1195 399 1261 fideles
414 1194 556 1280 imperii,
572 1195 709 1279 arripite
724 1195 888 1261 velociter
902 1216 993 1260 arma
1007 1196 1189 1262 christiane
1205 1196 1336 1275 militie,

285 1300 365 1385 quia
395 1298 463 1386 jam
499 1298 642 1363 Romani
676 1299 807 1384 imperii
837 1299 992 1365 victrices
1026 1301 1140 1386 aquile
1172 1300 1336 1386 prodiere.

285 1402 440 1489 Duplicis
463 1402 601 1488 quidem
622 1402 853 1469 retributionis
875 1403 1035 1470 donativa
1056 1405 1258 1490 percipiunt,
1276 1405 1337 1489 qui

284 1506 478 1573 celsitudini
492 1514 605 1572 nostre
621 1506 657 1570 in
671 1507 841 1592 proposito
856 1506 957 1594 hujus
969 1516 1083 1574 sancte
1095 1508 1336 1596 peregrationis

284 1612 464 1687 assistunt3
488 1610 569 1696 quia
582 1616 695 1696 preter
708 1611 915 1696 imperialem
936 1613 1081 1699 gratiam
1103 1611 1338 1698 adipiscuntur

284 1713 479 1780 felicitatem
506 1722 668 1781 eternam.
714 1713 881 1794 Quocirca
906 1715 1121 1780 universitati
1143 1722 1254 1781 vestre
1275 1737 1337 1801 per

284 1819 470 1904 imperialia
495 1818 621 1903 scripta
646 1818 854 1896 mandamus,
882 1818 1092 1885 obsecramus
1117 1820 1154 1884 in
1180 1819 1336 1897 Domino,

284 1945 450 2011 rogamus,
477 1930 513 1989 et
537 1921 711 1987 hortamur
735 1923 827 1987 omni
857 1921 1035 1989 affectione
1063 1945 1131 2010 qua
1159 1945 1336 2009 possumus

284 2033 473 2104 exorantes,
503 2027 663 2112 quatinus
693 2027 825 2093 accensi
854 2028 927 2092 zelo
956 2028 1058 2106 illius,
1088 2020 1186 2115 cujus
1215 2049 1337 2112 sponsa

284 2132 424 2198 ecelesia
445 2139 553 2196 mater
574 2138 687 2197 vestra
708 2132 745 2195 in
767 2153 808 2197 ea
829 2139 920 2197 terra
945 2133 1079 2217 captiva
1104 2131 1338 2197 miserabiliter

284 2235 468 2314 detinetur,
484 2235 670 2301 recolentes
685 2236 788 2300 etiam
804 2236 950 2321 qualiter
964 2257 984 2300 a
999 2235 1117 2301 diebus
1134 2236 1282 2321 antiquis
1300 2242 1337 2301 et

283 2338 555 2427 generationibus
569 2340 761 2404 seculorum
775 2340 990 2425 imperatores
1006 2339 1150 2404 Romani
1171 2337 1336 2403 mundum

284 2445 479 2510 universum
493 2465 554 2508 sue
574 2441 787 2508 subdiderint
808 2441 929 2508 ditioni
951 2444 1079 2509 auxilio
1100 2465 1238 2508 suorum
1259 2442 1338 2507 fide·

283 2549 367 2612 lium
383 2548 442 2633 qui
458 2547 598 2611 cumeis
614 2568 721 2631 usque
736 2547 780 2612 ad
795 2545 996 2612 effusionem
1016 2548 1191 2634 sanguinis
1213 2547 1338 2612 labora-

283 2659 373 2729 runt,
388 2673 458 2716 non
473 2650 647 2737 patiamini
662 2651 698 2713 in
714 2658 829 2715 nostro
840 2651 896 2736 pio
907 2652 1078 2736 proposito
1090 2672 1151 2716 nos
1163 2650 1335 2729 conlundi,

283 2757 385 2820 immo
398 2756 488 2821 sicut
502 2775 654 2839 unquam
670 2753 782 2818 Deum
799 2754 943 2841 diligitis
965 2762 1001 2820 et
1023 2755 1166 2842 gratiam
1187 2762 1337 2819 nostram

284 2882 394 2926 caram
407 2858 547 2944 habetis,
563 2858 607 2923 ad
621 2880 819 2923 succursum
835 2858 937 2924 Terre
954 2857 1076 2923 Sancte
1091 2880 1151 2924 vos
1166 2859 1237 2923 sine
1257 2858 1337 2924 dila·

283 2965 375 3030 tione
390 2985 451 3050 pro
473 2962 621 3048 presenti
642 2962 796 3049 passagio
819 2962 962 3027 viriliter
984 2963 1177 3049 accingatis,
1193 2962 1336 3028 scientes

284 3066 376 3155 quod
401 3067 507 3133 nichil
533 3087 695 3152 umquam
721 3066 836 3151 aliquo
858 3073 1008 3152 tempore
1030 3067 1173 3152 possetis
1196 3065 1335 3143 efficere,

283 3195 344 3259 per
365 3170 458 3257 quod
478 3170 593 3236 taliter
614 3169 768 3234 omnibus
791 3169 886 3235 vobis
909 3177 945 3235 et
966 3170 1108 3257 singulis
1131 3169 1336 3255 imperialem

283 3276 466 3342 redderetis
482 3274 720 3340 celsitudinem
735 3271 1095 3360 obligatam-maxime
1107 3296 1186 3340 cum
1207 3274 1336 3340 inimici

283 3380 393 3447 crucis
420 3378 547 3444 Christi
571 3384 607 3443 et
627 3377 740 3443 hostes
762 3378 907 3442 nominis
931 3377 1104 3442 christiani
1129 3399 1188 3464 pre
1214 3378 1336 3443 timore

283 3485 386 3571 Regis
401 3482 536 3568 superni
556 3488 592 3548 et
613 3481 839 3546 membrorum
860 3503 1000 3546 suorum
1020 3482 1088 3567 jam
1110 3482 1207 3568 quasi
1228 3489 1336 3547 totam

283 3610 385 3674 quam
411 3587 583 3672 querimus
613 3585 820 3670 relinqueret
846 3585 986 3650 Terram
1015 3585 1183 3651 Sanctam.
1228 3585 1337 3672 Super

282 3691 345 3758 hoe
372 3698 486 3756 autem
507 3690 607 3776 plene
629 3689 773 3754 credatis
796 3697 833 3754 et
854 3688 1034 3755 efficaciter
1054 3690 1233 3775 impleatis,
1257 3712 1337 3776 que-

283 3817 428 3881 cumque
455 3794 549 3859 vobis
575 3815 617 3858 ex
644 3799 738 3879 parte
767 3800 884 3858 nostra
913 3791 1108 3858 karissimus
1136 3794 1173 3857 in
1200 3793 1335 3860 Christo

281 3909 377 3986 pater
400 3897 594 3985 Hugolinus
620 3896 811 3962 Hostiensis
842 3904 878 3962 et
904 3896 1128 3963 Velletrensis
1158 3899 1335 3983 episcopus

281 4004 462 4097 apostolice
477 4001 566 4075 sedis
586 4001 720 4095 legatus
739 4000 881 4066 duxerit
898 4000 1124 4088 proponenda,
1141 4023 1243 4087 quem
1264 4023 1337 4087 spe-
