3292 4809
538 622 614 669 rnn
635 619 938 670 nonnrrsrsusns
960 620 1107 670 remon.
1308 602 1350 667 81

293 786 485 866 solidatum,
500 789 631 854 sincera
646 810 776 874 semper
791 788 970 853 dileximus
993 788 1138 853 karitate
1161 794 1197 855 et
1219 785 1350 853 debita-e

293 892 512 958 tractavimus
527 891 745 981 benignitatis
761 891 896 959 affectu.
943 892 1054 958 Debes
1071 893 1170 970 enim,
1187 892 1351 980 gloriosis-

292 996 375 1062 sime
398 996 457 1075 fili,
481 1003 560 1062 ante
583 998 697 1062 oculos
720 997 844 1062 mentis
867 996 1037 1075 reducere,
1054 1018 1155 1083 quam
1178 1002 1351 1084 gratanter

293 1108 329 1166 et
344 1121 446 1187 quam
454 1100 599 1186 jocunde
609 1101 676 1165 alio
689 1122 777 1164 anno
788 1108 894 1166 mater
906 1098 965 1165 tira
976 1107 1188 1166 sacrosancta
1200 1101 1350 1165 Romana

293 1204 453 1270 aecclesia
477 1211 511 1269 te
538 1205 733 1290 susceperit,
762 1212 890 1289 quanta
917 1205 1026 1270 cordis
1056 1203 1237 1270 affectione
1268 1210 1351 1269 trac-

293 1304 427 1381 taverit,
443 1311 605 1389 quantam
621 1304 682 1369 tibi
699 1302 875 1390 dignitatis
895 1303 1143 1389 plenitudinem
1166 1303 1350 1369 contulerit

292 1413 328 1473 et
342 1408 487 1486 honoris,
503 1415 539 1474 et
554 1409 701 1493 qualiter
723 1408 904 1492 imperialis
927 1409 1060 1496 insigne
1084 1428 1224 1473 coronae
1246 1406 1350 1472 liben-

298 1508 424 1573 tissime
437 1509 622 1586 conferens
635 1508 877 1594 benignissimo
889 1508 1019 1592 gremio
1030 1526 1091 1571 suo
1107 1512 1186 1570 tuae
1202 1505 1350 1571 sublimi-

296 1611 378 1676 tatis
392 1613 522 1696 apicem
537 1613 708 1677 studuerit
723 1611 912 1687 confovere,
929 1611 1036 1674 nichil
1050 1631 1188 1694 prorsus
1203 1609 1350 1674 efficiens

295 1708 388 1796 quod
399 1710 510 1797 regiae
523 1710 692 1775 voluntati
709 1711 764 1775 vel
779 1711 814 1773 in
828 1710 966 1774 minimo
978 1717 1195 1797 cognosceret
1206 1710 1350 1775 obviare.

295 1812 414 1899 Neque
438 1820 551 1880 tamen
576 1813 707 1899 penitet
731 1834 790 1878 nos
814 1820 893 1878 tuae
917 1812 1082 1878 desideria
1105 1813 1292 1880 voluntatis
1314 1814 1351 1877 in

296 1917 449 1983 omnibus
464 1917 665 2003 implevisse,
682 1916 751 1993 sed,
767 1917 796 1981 si
819 1917 945 2003 majora
966 1916 1127 1982 beneficia
1150 1916 1352 1982 excellentia

295 2028 356 2086 tua
371 2021 412 2087 de
432 2041 535 2086 manu
557 2030 672 2086 nostra
694 2021 904 2105 suscepisset,
920 2022 949 2085 si
971 2020 1044 2086 fieri
1066 2028 1188 2106 posset,
1204 2020 1353 2086 conside·
1429 2061 1431 2065 >

296 2133 419 2204 rantes,
436 2132 564 2212 quanta
578 2125 758 2192 aecclesiae
774 2125 840 2190 Dei
855 2132 890 2190 et
906 2125 1000 2191 nobis
1021 2132 1129 2211 perte
1144 2126 1351 2191 incrementa

296 2230 427 2316 possint
448 2237 483 2299 et
505 2228 679 2295 commoda
702 2230 890 2314 provenire,
912 2250 981 2294 non
1004 2229 1171 2294 immerito
1193 2228 1352 2317 gaudere·

296 2355 381 2400 mus.
426 2333 526 2400 Nunc
549 2340 671 2411 autem,
695 2334 775 2417 quia
797 2340 867 2397 tam
890 2334 1080 2398 inmensum
1102 2332 1243 2410 facinus,
1260 2333 1352 2418 quod

295 2436 332 2501 in
357 2438 598 2503 contumeliam
626 2438 827 2504 universalis
858 2437 1037 2503 aecclesiae
1067 2444 1104 2504 et
1133 2437 1262 2521 imperii
1291 2444 1352 2502 tua

296 2542 447 2607 noscitur
476 2543 578 2608 etiam
609 2542 833 2617 commissum,
865 2542 1037 2628 negligere
1068 2563 1105 2607 ac
1142 2540 1351 2607 dissimulare

295 2645 430 2723 videris,
445 2647 655 2732 suspicamur
671 2646 789 2730 utique
805 2667 844 2711 ac
861 2666 1026 2723 veremur,
1043 2644 1188 2711 neforto
1205 2646 1241 2708 in
1263 2646 1351 2710 hanc

297 2749 597 2837 dissimulationem
612 2756 648 2815 et
670 2750 914 2837 negligentiam
937 2756 1074 2834 propter
1095 2749 1158 2814 hoe
1181 2755 1262 2814 tuus
1284 2750 1353 2814 ani·
1405 2816 1407 2820 .

296 2875 371 2919 mus
397 2855 444 2919 sit
469 2854 639 2931 inductus,
667 2853 759 2939 quod
785 2854 1002 2941 suggestione
1028 2853 1177 2939 perversi
1206 2853 1351 2918 hominis

296 2960 421 3023 zizania
450 2959 645 3024 seminantis
682 2958 843 3024 adversus
880 2960 1175 3024 clementissimam
1211 2965 1351 3023 matrem

296 3069 390 3127 tuam
413 3069 658 3128 sacrosanctam
686 3064 869 3128 Romanam
897 3064 1091 3127 aecclesiam
1118 3069 1153 3127 et
1178 3063 1352 3147 nosipsos

291 3154 572 3253 indignationem,
589 3167 681 3251 quod
703 3166 800 3243 absit,
816 3168 965 3251 aliquam
988 3167 1178 3252 conceperis
1200 3166 1256 3231 vel
1281 3187 1353 3230 ran-

296 3291 417 3336 corem.
464 3269 519 3334 Ob
540 3270 603 3335 hoc
626 3270 733 3357 igitur
755 3278 791 3335 et
813 3269 856 3334 ob
878 3271 943 3334 alia
965 3271 1077 3334 omnia
1099 3270 1246 3355 negotia,
1266 3290 1352 3354 quae

300 3373 533 3461 cognoscimus
549 3374 732 3451 imminere,
750 3373 833 3438 duos
853 3373 894 3439 de
910 3373 1103 3438 melioribus
1119 3382 1155 3439 et
1169 3372 1352 3439 carioribus

297 3499 383 3563 quos
403 3477 491 3543 circa
514 3498 575 3542 nos
598 3477 767 3554 habemus,
784 3477 926 3543 dilectos
949 3478 1079 3543 scilicet
1100 3478 1186 3542 filios
1209 3485 1351 3555 nostros,

298 3580 533 3646 Bernhardum
557 3579 673 3646 Sancti
693 3580 879 3648 Clementis
904 3580 1126 3667 presbiterum
1148 3581 1352 3646 cardinalem

300 3693 336 3750 et
359 3685 551 3751 Rolandum
574 3685 708 3769 (tituli)
730 3682 846 3749 Sancti
870 3684 979 3750 Marci
1006 3685 1228 3771 presbiterum
1250 3684 1354 3750 cardi·

297 3785 410 3850 nalem
433 3792 468 3851 et
488 3785 726 3850 cancellarium
748 3794 912 3864 nostrum,
935 3789 1024 3853 viros
1047 3790 1165 3873 utique
1188 3789 1352 3876 religione

298 3896 334 3955 et
348 3888 529 3974 prudentia
544 3896 579 3954 et
594 3888 770 3955 honestate
789 3892 997 3975 conspicuos,
1014 3893 1187 3958 serenitati
1209 3900 1287 3958 tuae
1311 3892 1352 3958 de

297 3992 403 4060 latere
419 4000 533 4059 nostro
548 3992 591 4058 ad
605 4015 740 4079 presens
764 3994 923 4061 duximus
947 3995 1173 4075 destinandos,
1189 3996 1353 4062 excellen-
