<?xml version="1.0" encoding="UTF-8"?>
<!DOCTYPE html PUBLIC "-//W3C//DTD XHTML 1.0 Transitional//EN"
    "http://www.w3.org/TR/xhtml1/DTD/xhtml1-transitional.dtd">
<html xmlns="http://www.w3.org/1999/xhtml" xml:lang="en" lang="en">
 <head>
  <title>
</title>
<meta http-equiv="Content-Type" content="text/html;charset=utf-8" />
  <meta name='ocr-system' content='tesseract 3.04.00' />
  <meta name='ocr-capabilities' content='ocr_page ocr_carea ocr_par ocr_line ocrx_word'/>
</head>
<body>
  <div class='ocr_page' id='page_1' title='image "./selectmediaeval01mathgoog_0167.png"; bbox 0 0 3292 4809; ppageno 0'>
   <div class='ocr_carea' id='block_1_1' title="bbox 557 602 1438 702">
    <p class='ocr_par' dir='ltr' id='par_1_1' title="bbox 557 602 1438 702">
     <span class='ocr_line' id='line_1_1' title="bbox 557 602 1438 702; baseline 0.002 -26"><span class='ocrx_word' id='word_1_1' title='bbox 557 602 631 677; x_wconf 80' lang='lat' dir='ltr'><strong>rna</strong></span> <span class='ocrx_word' id='word_1_2' title='bbox 653 622 773 675; x_wconf 73' lang='lat' dir='ltr'><strong>renen</strong></span> <span class='ocrx_word' id='word_1_3' title='bbox 795 621 843 676; x_wconf 81' lang='lat' dir='ltr'><strong>or</strong></span> <span class='ocrx_word' id='word_1_4' title='bbox 865 620 1088 677; x_wconf 72' lang='lat' dir='ltr'><strong>oonsrancn.</strong></span> <span class='ocrx_word' id='word_1_5' title='bbox 1287 602 1350 678; x_wconf 74' lang='lat'><strong>161</strong></span> <span class='ocrx_word' id='word_1_6' title='bbox 1436 697 1438 702; x_wconf 23' lang='grc' dir='ltr'>Ι</span> 
     </span>
    </p>
   </div>
   <div class='ocr_carea' id='block_1_2' title="bbox 293 795 1428 4183">
    <p class='ocr_par' dir='ltr' id='par_1_2' title="bbox 293 795 1353 1304">
     <span class='ocr_line' id='line_1_2' title="bbox 295 795 1352 867; baseline -0.002 -14"><span class='ocrx_word' id='word_1_7' title='bbox 295 802 369 865; x_wconf 90' lang='lat' dir='ltr'><strong>sunt,</strong></span> <span class='ocrx_word' id='word_1_8' title='bbox 382 798 570 852; x_wconf 78' lang='lat' dir='ltr'><strong>restituantur</strong></span> <span class='ocrx_word' id='word_1_9' title='bbox 581 796 643 851; x_wconf 89' lang='lat' dir='ltr'><strong>sine</strong></span> <span class='ocrx_word' id='word_1_10' title='bbox 655 795 797 850; x_wconf 84' lang='lat' dir='ltr'><strong>fructibus</strong></span> <span class='ocrx_word' id='word_1_11' title='bbox 809 798 839 849; x_wconf 89' lang='lat' dir='ltr'><strong>et</strong></span> <span class='ocrx_word' id='word_1_12' title='bbox 851 796 965 859; x_wconf 91' lang='lat' dir='ltr'><strong>damno,</strong></span> <span class='ocrx_word' id='word_1_13' title='bbox 979 795 1036 849; x_wconf 89' lang='lat' dir='ltr'><strong>nisi</strong></span> <span class='ocrx_word' id='word_1_14' title='bbox 1053 795 1084 848; x_wconf 93' lang='lat' dir='ltr'><strong>in</strong></span> <span class='ocrx_word' id='word_1_15' title='bbox 1102 811 1187 849; x_wconf 87' lang='lat' dir='ltr'><strong>causa</strong></span> <span class='ocrx_word' id='word_1_16' title='bbox 1202 796 1352 867; x_wconf 90' lang='lat' dir='ltr'><strong>principali</strong></span> 
     </span>
     <span class='ocr_line' id='line_1_3' title="bbox 294 882 1352 956; baseline -0.001 -17"><span class='ocrx_word' id='word_1_17' title='bbox 294 904 344 939; x_wconf 91' lang='lat' dir='ltr'><strong>seu</strong></span> <span class='ocrx_word' id='word_1_18' title='bbox 355 885 537 956; x_wconf 81' lang='lat' dir='ltr'><strong>proprietatis</strong></span> <span class='ocrx_word' id='word_1_19' title='bbox 548 886 611 956; x_wconf 86' lang='lat' dir='ltr'><strong>jure</strong></span> <span class='ocrx_word' id='word_1_20' title='bbox 622 883 713 954; x_wconf 86' lang='lat' dir='ltr'><strong>possit</strong></span> <span class='ocrx_word' id='word_1_21' title='bbox 724 900 754 937; x_wconf 89' lang='lat' dir='ltr'><strong>se</strong></span> <span class='ocrx_word' id='word_1_22' title='bbox 766 882 841 936; x_wconf 91' lang='lat' dir='ltr'><strong>tueri</strong></span> <span class='ocrx_word' id='word_1_23' title='bbox 857 900 1008 953; x_wconf 83' lang='lat' dir='ltr'><strong>possessor,</strong></span> <span class='ocrx_word' id='word_1_24' title='bbox 1018 882 1103 937; x_wconf 84' lang='lat' dir='ltr'><strong>salvis</strong></span> <span class='ocrx_word' id='word_1_25' title='bbox 1116 882 1277 952; x_wconf 85' lang='lat' dir='ltr'><strong>privoribus</strong></span> <span class='ocrx_word' id='word_1_26' title='bbox 1290 902 1352 939; x_wconf 87' lang='lat' dir='ltr'><strong>con-</strong></span> 
     </span>
     <span class='ocr_line' id='line_1_4' title="bbox 294 969 1353 1042; baseline 0.001 -16"><span class='ocrx_word' id='word_1_27' title='bbox 294 973 481 1039; x_wconf 80' lang='lat' dir='ltr'><strong>cessionibus3</strong></span> <span class='ocrx_word' id='word_1_28' title='bbox 500 976 529 1026; x_wconf 91' lang='lat' dir='ltr'><strong>et</strong></span> <span class='ocrx_word' id='word_1_29' title='bbox 547 988 644 1026; x_wconf 87' lang='lat' dir='ltr'><strong>ornnes</strong></span> <span class='ocrx_word' id='word_1_30' title='bbox 663 970 786 1025; x_wconf 84' lang='lat' dir='ltr'><strong>offensae</strong></span> <span class='ocrx_word' id='word_1_31' title='bbox 804 970 846 1024; x_wconf 91' lang='lat' dir='ltr'><strong>eis</strong></span> <span class='ocrx_word' id='word_1_32' title='bbox 863 970 1054 1023; x_wconf 76' lang='lat' dir='ltr'><strong>remittantur.</strong></span> <span class='ocrx_word' id='word_1_33' title='bbox 1091 969 1200 1023; x_wconf 86' lang='lat' dir='ltr'><strong>Eodem</strong></span> <span class='ocrx_word' id='word_1_34' title='bbox 1218 973 1281 1042; x_wconf 83' lang='lat' dir='ltr'><strong>jure</strong></span> <span class='ocrx_word' id='word_1_35' title='bbox 1298 990 1353 1027; x_wconf 89' lang='lat' dir='ltr'><strong>ser·</strong></span> 
     </span>
     <span class='ocr_line' id='line_1_5' title="bbox 293 1056 1352 1129; baseline 0 -15"><span class='ocrx_word' id='word_1_36' title='bbox 293 1061 387 1114; x_wconf 85' lang='lat' dir='ltr'><strong>vando</strong></span> <span class='ocrx_word' id='word_1_37' title='bbox 399 1060 430 1113; x_wconf 93' lang='lat' dir='ltr'><strong>in</strong></span> <span class='ocrx_word' id='word_1_38' title='bbox 442 1059 497 1124; x_wconf 90' lang='lat' dir='ltr'><strong>his,</strong></span> <span class='ocrx_word' id='word_1_39' title='bbox 509 1059 558 1129; x_wconf 93' lang='lat' dir='ltr'><strong>qui</strong></span> <span class='ocrx_word' id='word_1_40' title='bbox 570 1063 638 1113; x_wconf 89' lang='lat' dir='ltr'><strong>sunt</strong></span> <span class='ocrx_word' id='word_1_41' title='bbox 647 1075 683 1111; x_wconf 88' lang='lat' dir='ltr'><strong>ex</strong></span> <span class='ocrx_word' id='word_1_42' title='bbox 694 1062 775 1128; x_wconf 87' lang='lat' dir='ltr'><strong>parte</strong></span> <span class='ocrx_word' id='word_1_43' title='bbox 784 1061 890 1123; x_wconf 89' lang='lat' dir='ltr'><strong>nostra,</strong></span> <span class='ocrx_word' id='word_1_44' title='bbox 899 1056 975 1111; x_wconf 89' lang='lat' dir='ltr'><strong>circa</strong></span> <span class='ocrx_word' id='word_1_45' title='bbox 986 1056 1204 1123; x_wconf 89' lang='lat' dir='ltr'><strong>restitutionem,</strong></span> <span class='ocrx_word' id='word_1_46' title='bbox 1219 1059 1275 1113; x_wconf 87' lang='lat' dir='ltr'><strong>nisi</strong></span> <span class='ocrx_word' id='word_1_47' title='bbox 1286 1060 1352 1114; x_wconf 82' lang='lat' dir='ltr'><strong>civi·</strong></span> 
     </span>
     <span class='ocr_line' id='line_1_6' title="bbox 293 1145 1351 1218; baseline 0 -17"><span class='ocrx_word' id='word_1_48' title='bbox 293 1152 337 1201; x_wconf 86' lang='lat' dir='ltr'><strong>tas</strong></span> <span class='ocrx_word' id='word_1_49' title='bbox 349 1151 481 1201; x_wconf 88' lang='lat' dir='ltr'><strong>teneatur</strong></span> <span class='ocrx_word' id='word_1_50' title='bbox 491 1149 661 1218; x_wconf 81' lang='lat' dir='ltr'><strong>juramento,</strong></span> <span class='ocrx_word' id='word_1_51' title='bbox 674 1150 707 1199; x_wconf 92' lang='lat' dir='ltr'><strong>ut</strong></span> <span class='ocrx_word' id='word_1_52' title='bbox 720 1164 777 1200; x_wconf 93' lang='lat' dir='ltr'><strong>non</strong></span> <span class='ocrx_word' id='word_1_53' title='bbox 789 1145 939 1212; x_wconf 74' lang='lat' dir='ltr'><strong>restituat,</strong></span> <span class='ocrx_word' id='word_1_54' title='bbox 958 1162 1014 1215; x_wconf 88' lang='lat' dir='ltr'><strong>qno</strong></span> <span class='ocrx_word' id='word_1_55' title='bbox 1026 1161 1094 1199; x_wconf 88' lang='lat' dir='ltr'><strong>casn</strong></span> <span class='ocrx_word' id='word_1_56' title='bbox 1112 1145 1265 1200; x_wconf 81' lang='lat' dir='ltr'><strong>arbitrium</strong></span> <span class='ocrx_word' id='word_1_57' title='bbox 1281 1146 1351 1201; x_wconf 92' lang='lat' dir='ltr'><strong>boni</strong></span> 
     </span>
     <span class='ocr_line' id='line_1_7' title="bbox 293 1233 914 1304; baseline -0.005 -15"><span class='ocrx_word' id='word_1_58' title='bbox 293 1234 348 1289; x_wconf 91' lang='lat' dir='ltr'><strong>viri</strong></span> <span class='ocrx_word' id='word_1_59' title='bbox 360 1236 491 1289; x_wconf 89' lang='lat' dir='ltr'><strong>volumus</strong></span> <span class='ocrx_word' id='word_1_60' title='bbox 502 1252 554 1304; x_wconf 91' lang='lat' dir='ltr'><strong>pro</strong></span> <span class='ocrx_word' id='word_1_61' title='bbox 566 1234 745 1288; x_wconf 84' lang='lat' dir='ltr'><strong>restitutione</strong></span> <span class='ocrx_word' id='word_1_62' title='bbox 758 1233 914 1287; x_wconf 90' lang='lat' dir='ltr'><strong>succedere.</strong></span> 
     </span>
    </p>

    <p class='ocr_par' dir='ltr' id='par_1_3' title="bbox 293 1319 1351 1741">
     <span class='ocr_line' id='line_1_8' title="bbox 329 1319 1351 1390; baseline 0.001 -15"><span class='ocrx_word' id='word_1_63' title='bbox 329 1323 371 1376; x_wconf 87' lang='lat'><strong>36.</strong></span> <span class='ocrx_word' id='word_1_64' title='bbox 396 1322 435 1375; x_wconf 87' lang='lat' dir='ltr'><strong>Et</strong></span> <span class='ocrx_word' id='word_1_65' title='bbox 459 1320 484 1375; x_wconf 90' lang='lat' dir='ltr'><strong>si</strong></span> <span class='ocrx_word' id='word_1_66' title='bbox 507 1338 564 1390; x_wconf 91' lang='lat' dir='ltr'><strong>qua</strong></span> <span class='ocrx_word' id='word_1_67' title='bbox 587 1320 778 1375; x_wconf 86' lang='lat' dir='ltr'><strong>controversia</strong></span> <span class='ocrx_word' id='word_1_68' title='bbox 800 1320 837 1374; x_wconf 85' lang='lat' dir='ltr'><strong>ds</strong></span> <span class='ocrx_word' id='word_1_69' title='bbox 860 1319 947 1375; x_wconf 76' lang='lat' dir='ltr'><strong>feudo</strong></span> <span class='ocrx_word' id='word_1_70' title='bbox 971 1319 1140 1375; x_wconf 82' lang='lat' dir='ltr'><strong>ortaiuerit</strong></span> <span class='ocrx_word' id='word_1_71' title='bbox 1159 1320 1304 1377; x_wconf 84' lang='lat' dir='ltr'><strong>internos</strong></span> <span class='ocrx_word' id='word_1_72' title='bbox 1322 1327 1351 1376; x_wconf 90' lang='lat' dir='ltr'><strong>et</strong></span> 
     </span>
     <span class='ocr_line' id='line_1_9' title="bbox 294 1408 1349 1480; baseline 0 -17"><span class='ocrx_word' id='word_1_73' title='bbox 294 1410 390 1475; x_wconf 90' lang='lat' dir='ltr'><strong>alium,</strong></span> <span class='ocrx_word' id='word_1_74' title='bbox 404 1408 453 1478; x_wconf 90' lang='lat' dir='ltr'><strong>qui</strong></span> <span class='ocrx_word' id='word_1_75' title='bbox 465 1409 504 1462; x_wconf 89' lang='lat' dir='ltr'><strong>sit</strong></span> <span class='ocrx_word' id='word_1_76' title='bbox 516 1409 551 1462; x_wconf 89' lang='lat' dir='ltr'><strong>de</strong></span> <span class='ocrx_word' id='word_1_77' title='bbox 563 1409 705 1475; x_wconf 90' lang='lat' dir='ltr'><strong>societate,</strong></span> <span class='ocrx_word' id='word_1_78' title='bbox 718 1425 768 1480; x_wconf 88' lang='lat' dir='ltr'><strong>per</strong></span> <span class='ocrx_word' id='word_1_79' title='bbox 781 1425 864 1479; x_wconf 91' lang='lat' dir='ltr'><strong>pares</strong></span> <span class='ocrx_word' id='word_1_80' title='bbox 876 1408 954 1463; x_wconf 91' lang='lat' dir='ltr'><strong>illius</strong></span> <span class='ocrx_word' id='word_1_81' title='bbox 966 1408 1090 1462; x_wconf 81' lang='lat' dir='ltr'><strong>civitatis</strong></span> <span class='ocrx_word' id='word_1_82' title='bbox 1103 1409 1148 1462; x_wconf 90' lang='lat' dir='ltr'><strong>vel</strong></span> <span class='ocrx_word' id='word_1_83' title='bbox 1164 1409 1349 1479; x_wconf 75' lang='lat' dir='ltr'><strong>episcopatus,</strong></span> 
     </span>
     <span class='ocr_line' id='line_1_10' title="bbox 293 1493 1350 1566; baseline 0.001 -17"><span class='ocrx_word' id='word_1_84' title='bbox 293 1496 324 1549; x_wconf 92' lang='lat' dir='ltr'><strong>in</strong></span> <span class='ocrx_word' id='word_1_85' title='bbox 345 1514 402 1566; x_wconf 92' lang='lat' dir='ltr'><strong>quo</strong></span> <span class='ocrx_word' id='word_1_86' title='bbox 423 1493 564 1550; x_wconf 89' lang='lat' dir='ltr'><strong>discordia</strong></span> <span class='ocrx_word' id='word_1_87' title='bbox 583 1495 686 1566; x_wconf 89' lang='lat' dir='ltr'><strong>agitur,</strong></span> <span class='ocrx_word' id='word_1_88' title='bbox 705 1495 1113 1550; x_wconf 89' lang='lat' dir='ltr'><strong>secundumconsuetudinem</strong></span> <span class='ocrx_word' id='word_1_89' title='bbox 1131 1495 1208 1549; x_wconf 92' lang='lat' dir='ltr'><strong>illius</strong></span> <span class='ocrx_word' id='word_1_90' title='bbox 1226 1496 1350 1550; x_wconf 89' lang='lat' dir='ltr'><strong>civitatis</strong></span> 
     </span>
     <span class='ocr_line' id='line_1_11' title="bbox 294 1582 1349 1653; baseline 0.001 -17"><span class='ocrx_word' id='word_1_91' title='bbox 294 1584 323 1636; x_wconf 89' lang='lat' dir='ltr'><strong>in</strong></span> <span class='ocrx_word' id='word_1_92' title='bbox 342 1584 442 1637; x_wconf 90' lang='lat' dir='ltr'><strong>eodem</strong></span> <span class='ocrx_word' id='word_1_93' title='bbox 454 1583 617 1653; x_wconf 88' lang='lat' dir='ltr'><strong>episcopatu</strong></span> <span class='ocrx_word' id='word_1_94' title='bbox 628 1582 805 1649; x_wconf 87' lang='lat' dir='ltr'><strong>terminetur,</strong></span> <span class='ocrx_word' id='word_1_95' title='bbox 818 1582 875 1636; x_wconf 89' lang='lat' dir='ltr'><strong>nisi</strong></span> <span class='ocrx_word' id='word_1_96' title='bbox 892 1600 945 1637; x_wconf 89' lang='lat' dir='ltr'><strong>nos</strong></span> <span class='ocrx_word' id='word_1_97' title='bbox 963 1582 994 1635; x_wconf 90' lang='lat' dir='ltr'><strong>in</strong></span> <span class='ocrx_word' id='word_1_98' title='bbox 1012 1582 1185 1637; x_wconf 89' lang='lat' dir='ltr'><strong>Lombardia</strong></span> <span class='ocrx_word' id='word_1_99' title='bbox 1197 1582 1349 1650; x_wconf 74' lang='lat' dir='ltr'><strong>fuerimus3</strong></span> 
     </span>
     <span class='ocr_line' id='line_1_12' title="bbox 293 1669 1349 1741; baseline -0.001 -17"><span class='ocrx_word' id='word_1_100' title='bbox 293 1675 362 1724; x_wconf 91' lang='lat' dir='ltr'><strong>tunc</strong></span> <span class='ocrx_word' id='word_1_101' title='bbox 380 1670 457 1724; x_wconf 92' lang='lat' dir='ltr'><strong>enim</strong></span> <span class='ocrx_word' id='word_1_102' title='bbox 471 1670 502 1723; x_wconf 90' lang='lat' dir='ltr'><strong>in</strong></span> <span class='ocrx_word' id='word_1_103' title='bbox 518 1670 664 1725; x_wconf 90' lang='lat' dir='ltr'><strong>audientia</strong></span> <span class='ocrx_word' id='word_1_104' title='bbox 675 1674 782 1735; x_wconf 89' lang='lat' dir='ltr'><strong>nostra,</strong></span> <span class='ocrx_word' id='word_1_105' title='bbox 797 1670 823 1723; x_wconf 95' lang='lat' dir='ltr'><strong>si</strong></span> <span class='ocrx_word' id='word_1_106' title='bbox 834 1669 917 1724; x_wconf 89' lang='lat' dir='ltr'><strong>nobis</strong></span> <span class='ocrx_word' id='word_1_107' title='bbox 929 1669 1074 1740; x_wconf 83' lang='lat' dir='ltr'><strong>placuerit,</strong></span> <span class='ocrx_word' id='word_1_108' title='bbox 1088 1687 1173 1725; x_wconf 88' lang='lat' dir='ltr'><strong>causa</strong></span> <span class='ocrx_word' id='word_1_109' title='bbox 1186 1670 1349 1741; x_wconf 85' lang='lat' dir='ltr'><strong>agitabitur.</strong></span> 
     </span>
    </p>

    <p class='ocr_par' dir='ltr' id='par_1_4' title="bbox 293 1757 1351 2073">
     <span class='ocr_line' id='line_1_13' title="bbox 329 1757 1349 1828; baseline 0 -17"><span class='ocrx_word' id='word_1_110' title='bbox 329 1759 371 1813; x_wconf 88' lang='grc'><strong>37.</strong></span> <span class='ocrx_word' id='word_1_111' title='bbox 397 1758 471 1811; x_wconf 89' lang='lat' dir='ltr'><strong>Item</strong></span> <span class='ocrx_word' id='word_1_112' title='bbox 494 1757 655 1811; x_wconf 90' lang='lat' dir='ltr'><strong>volentibus</strong></span> <span class='ocrx_word' id='word_1_113' title='bbox 679 1757 775 1811; x_wconf 89' lang='lat' dir='ltr'><strong>venire</strong></span> <span class='ocrx_word' id='word_1_114' title='bbox 798 1761 898 1812; x_wconf 90' lang='lat' dir='ltr'><strong>contra</strong></span> <span class='ocrx_word' id='word_1_115' title='bbox 921 1761 1012 1827; x_wconf 88' lang='lat' dir='ltr'><strong>pacta,</strong></span> <span class='ocrx_word' id='word_1_116' title='bbox 1031 1775 1089 1812; x_wconf 90' lang='lat' dir='ltr'><strong>non</strong></span> <span class='ocrx_word' id='word_1_117' title='bbox 1114 1775 1164 1828; x_wconf 93' lang='lat' dir='ltr'><strong>per</strong></span> <span class='ocrx_word' id='word_1_118' title='bbox 1184 1758 1349 1812; x_wconf 91' lang='lat' dir='ltr'><strong>violentiam</strong></span> 
     </span>
     <span class='ocr_line' id='line_1_14' title="bbox 293 1844 1350 1916; baseline 0 -17"><span class='ocrx_word' id='word_1_119' title='bbox 293 1845 373 1899; x_wconf 81' lang='lat' dir='ltr'><strong>iacta</strong></span> <span class='ocrx_word' id='word_1_120' title='bbox 389 1848 418 1898; x_wconf 90' lang='lat' dir='ltr'><strong>et</strong></span> <span class='ocrx_word' id='word_1_121' title='bbox 434 1846 596 1916; x_wconf 82' lang='lat' dir='ltr'><strong>juramento</strong></span> <span class='ocrx_word' id='word_1_122' title='bbox 614 1844 735 1910; x_wconf 84' lang='lat' dir='ltr'><strong>firmata,</strong></span> <span class='ocrx_word' id='word_1_123' title='bbox 748 1844 824 1899; x_wconf 90' lang='lat' dir='ltr'><strong>inter</strong></span> <span class='ocrx_word' id='word_1_124' title='bbox 836 1844 981 1898; x_wconf 87' lang='lat' dir='ltr'><strong>civitatem</strong></span> <span class='ocrx_word' id='word_1_125' title='bbox 997 1847 1026 1898; x_wconf 91' lang='lat' dir='ltr'><strong>et</strong></span> <span class='ocrx_word' id='word_1_126' title='bbox 1043 1844 1187 1898; x_wconf 84' lang='lat' dir='ltr'><strong>civitatem</strong></span> <span class='ocrx_word' id='word_1_127' title='bbox 1207 1845 1350 1899; x_wconf 88' lang='lat' dir='ltr'><strong>societatis</strong></span> 
     </span>
     <span class='ocr_line' id='line_1_15' title="bbox 293 1931 1351 2002; baseline 0.001 -17"><span class='ocrx_word' id='word_1_128' title='bbox 293 1933 339 1985; x_wconf 90' lang='lat' dir='ltr'><strong>vel</strong></span> <span class='ocrx_word' id='word_1_129' title='bbox 356 1931 502 1986; x_wconf 84' lang='lat' dir='ltr'><strong>civitatem</strong></span> <span class='ocrx_word' id='word_1_130' title='bbox 518 1934 548 1985; x_wconf 91' lang='lat' dir='ltr'><strong>et</strong></span> <span class='ocrx_word' id='word_1_131' title='bbox 566 1931 636 1985; x_wconf 88' lang='lat' dir='ltr'><strong>alias</strong></span> <span class='ocrx_word' id='word_1_132' title='bbox 653 1948 787 2001; x_wconf 85' lang='lat' dir='ltr'><strong>personas</strong></span> <span class='ocrx_word' id='word_1_133' title='bbox 804 1931 956 1998; x_wconf 88' lang='lat' dir='ltr'><strong>societatis,</strong></span> <span class='ocrx_word' id='word_1_134' title='bbox 968 1948 1020 1985; x_wconf 88' lang='lat' dir='ltr'><strong>noe</strong></span> <span class='ocrx_word' id='word_1_135' title='bbox 1038 1931 1214 1985; x_wconf 88' lang='lat' dir='ltr'><strong>audientiam</strong></span> <span class='ocrx_word' id='word_1_136' title='bbox 1232 1931 1351 2002; x_wconf 73' lang='lat' dir='ltr'><strong>denega-²</strong></span> 
     </span>
     <span class='ocr_line' id='line_1_16' title="bbox 293 2018 1038 2073; baseline -0.007 0"><span class='ocrx_word' id='word_1_137' title='bbox 293 2018 398 2073; x_wconf 87' lang='lat' dir='ltr'><strong>bimus.</strong></span> <span class='ocrx_word' id='word_1_138' title='bbox 1035 2062 1038 2068; x_wconf 93' lang='lat'>.</span> 
     </span>
    </p>

    <p class='ocr_par' dir='ltr' id='par_1_5' title="bbox 293 2103 1350 2333">
     <span class='ocr_line' id='line_1_17' title="bbox 329 2103 1349 2159; baseline 0.001 -2"><span class='ocrx_word' id='word_1_139' title='bbox 329 2105 372 2157; x_wconf 86' lang='lat'><strong>38.</strong></span> <span class='ocrx_word' id='word_1_140' title='bbox 396 2103 471 2158; x_wconf 88' lang='lat' dir='ltr'><strong>Item</strong></span> <span class='ocrx_word' id='word_1_141' title='bbox 488 2121 540 2158; x_wconf 91' lang='lat' dir='ltr'><strong>nos</strong></span> <span class='ocrx_word' id='word_1_142' title='bbox 557 2103 735 2157; x_wconf 88' lang='lat' dir='ltr'><strong>restituimus</strong></span> <span class='ocrx_word' id='word_1_143' title='bbox 752 2106 872 2157; x_wconf 89' lang='lat' dir='ltr'><strong>stratam</strong></span> <span class='ocrx_word' id='word_1_144' title='bbox 891 2104 1102 2159; x_wconf 89' lang='lat' dir='ltr'><strong>Veronensibus</strong></span> <span class='ocrx_word' id='word_1_145' title='bbox 1126 2106 1156 2158; x_wconf 91' lang='lat' dir='ltr'><strong>et</strong></span> <span class='ocrx_word' id='word_1_146' title='bbox 1179 2103 1349 2158; x_wconf 87' lang='lat' dir='ltr'><strong>nominatim</strong></span> 
     </span>
     <span class='ocr_line' id='line_1_18' title="bbox 293 2190 1350 2263; baseline 0.002 -19"><span class='ocrx_word' id='word_1_147' title='bbox 293 2191 445 2261; x_wconf 88' lang='lat' dir='ltr'><strong>recipimus</strong></span> <span class='ocrx_word' id='word_1_148' title='bbox 469 2190 618 2244; x_wconf 82' lang='lat' dir='ltr'><strong>Itzelinum</strong></span> <span class='ocrx_word' id='word_1_149' title='bbox 641 2191 672 2244; x_wconf 94' lang='lat' dir='ltr'><strong>in</strong></span> <span class='ocrx_word' id='word_1_150' title='bbox 696 2191 905 2261; x_wconf 88' lang='lat' dir='ltr'><strong>plenitudinem</strong></span> <span class='ocrx_word' id='word_1_151' title='bbox 928 2191 1038 2263; x_wconf 87' lang='lat' dir='ltr'><strong>gratiae</strong></span> <span class='ocrx_word' id='word_1_152' title='bbox 1057 2194 1171 2246; x_wconf 88' lang='lat' dir='ltr'><strong>nostrae</strong></span> <span class='ocrx_word' id='word_1_153' title='bbox 1188 2194 1350 2246; x_wconf 87' lang='lat' dir='ltr'><strong>etomnem</strong></span> 
     </span>
     <span class='ocr_line' id='line_1_19' title="bbox 294 2269 1066 2333; baseline 0 -1"><span class='ocrx_word' id='word_1_154' title='bbox 294 2279 432 2333; x_wconf 85' lang='lat' dir='ltr'><strong>offensam</strong></span> <span class='ocrx_word' id='word_1_155' title='bbox 444 2277 471 2331; x_wconf 92' lang='lat' dir='ltr'><strong>ei</strong></span> <span class='ocrx_word' id='word_1_156' title='bbox 482 2277 663 2333; x_wconf 88' lang='lat' dir='ltr'><strong>remittimus.</strong></span> <span class='ocrx_word' id='word_1_157' title='bbox 1064 2269 1066 2272; x_wconf 38' lang='lat'>¹</span> 
     </span>
    </p>

    <p class='ocr_par' dir='ltr' id='par_1_6' title="bbox 294 2365 1428 3134">
     <span class='ocr_line' id='line_1_20' title="bbox 330 2365 1351 2438; baseline 0 -18"><span class='ocrx_word' id='word_1_158' title='bbox 330 2366 413 2420; x_wconf 90' lang='lat' dir='ltr'><strong>Hanc</strong></span> <span class='ocrx_word' id='word_1_159' title='bbox 426 2366 514 2436; x_wconf 91' lang='lat' dir='ltr'><strong>igitur</strong></span> <span class='ocrx_word' id='word_1_160' title='bbox 526 2383 624 2436; x_wconf 88' lang='lat' dir='ltr'><strong>pacem</strong></span> <span class='ocrx_word' id='word_1_161' title='bbox 636 2366 791 2421; x_wconf 90' lang='lat' dir='ltr'><strong>secundum</strong></span> <span class='ocrx_word' id='word_1_162' title='bbox 803 2365 927 2421; x_wconf 85' lang='lat' dir='ltr'><strong>formam</strong></span> <span class='ocrx_word' id='word_1_163' title='bbox 944 2366 1146 2438; x_wconf 85' lang='lat' dir='ltr'><strong>praescriptam</strong></span> <span class='ocrx_word' id='word_1_164' title='bbox 1163 2370 1193 2421; x_wconf 88' lang='lat' dir='ltr'><strong>et</strong></span> <span class='ocrx_word' id='word_1_165' title='bbox 1210 2366 1284 2421; x_wconf 87' lang='lat' dir='ltr'><strong>sient</strong></span> <span class='ocrx_word' id='word_1_166' title='bbox 1301 2383 1351 2438; x_wconf 89' lang='lat' dir='ltr'><strong>per</strong></span> 
     </span>
     <span class='ocr_line' id='line_1_21' title="bbox 294 2446 1428 2526; baseline 0.001 -19"><span class='ocrx_word' id='word_1_167' title='bbox 294 2454 463 2526; x_wconf 79' lang='lat' dir='ltr'><strong>mediatores</strong></span> <span class='ocrx_word' id='word_1_168' title='bbox 486 2453 572 2523; x_wconf 86' lang='lat' dir='ltr'><strong>pacis,</strong></span> <span class='ocrx_word' id='word_1_169' title='bbox 593 2452 726 2507; x_wconf 85' lang='lat' dir='ltr'><strong>videlicet</strong></span> <span class='ocrx_word' id='word_1_170' title='bbox 749 2453 938 2508; x_wconf 91' lang='lat' dir='ltr'><strong>Willielmum</strong></span> <span class='ocrx_word' id='word_1_171' title='bbox 962 2454 1112 2509; x_wconf 81' lang='lat' dir='ltr'><strong>Astensem</strong></span> <span class='ocrx_word' id='word_1_172' title='bbox 1136 2446 1298 2525; x_wconf 87' lang='lat' dir='ltr'><strong>episcopum</strong></span> <span class='ocrx_word' id='word_1_173' title='bbox 1321 2458 1351 2508; x_wconf 89' lang='lat' dir='ltr'><strong>et</strong></span> <span class='ocrx_word' id='word_1_174' title='bbox 1423 2470 1428 2479; x_wconf 89' lang='lat'><em>·</em></span> 
     </span>
     <span class='ocr_line' id='line_1_22' title="bbox 296 2540 1351 2611; baseline 0.002 -18"><span class='ocrx_word' id='word_1_175' title='bbox 296 2540 463 2594; x_wconf 88' lang='lat' dir='ltr'><strong>Heinricum</strong></span> <span class='ocrx_word' id='word_1_176' title='bbox 486 2540 679 2595; x_wconf 89' lang='lat' dir='ltr'><strong>marchionem</strong></span> <span class='ocrx_word' id='word_1_177' title='bbox 704 2540 875 2597; x_wconf 86' lang='lat' dir='ltr'><strong>Saonenscm</strong></span> <span class='ocrx_word' id='word_1_178' title='bbox 898 2545 928 2595; x_wconf 89' lang='lat' dir='ltr'><strong>et</strong></span> <span class='ocrx_word' id='word_1_179' title='bbox 951 2545 1061 2611; x_wconf 90' lang='lat' dir='ltr'><strong>patrem</strong></span> <span class='ocrx_word' id='word_1_180' title='bbox 1084 2541 1292 2596; x_wconf 86' lang='lat' dir='ltr'><strong>Theodericum</strong></span> <span class='ocrx_word' id='word_1_181' title='bbox 1315 2541 1351 2595; x_wconf 93' lang='lat' dir='ltr'><strong>de</strong></span> 
     </span>
     <span class='ocr_line' id='line_1_23' title="bbox 296 2628 1351 2695; baseline 0 -13"><span class='ocrx_word' id='word_1_182' title='bbox 296 2628 373 2682; x_wconf 85' lang='lat' dir='ltr'><strong>Silva</strong></span> <span class='ocrx_word' id='word_1_183' title='bbox 393 2628 548 2683; x_wconf 89' lang='lat' dir='ltr'><strong>Benedicta</strong></span> <span class='ocrx_word' id='word_1_184' title='bbox 565 2632 595 2683; x_wconf 91' lang='lat' dir='ltr'><strong>et</strong></span> <span class='ocrx_word' id='word_1_185' title='bbox 617 2629 775 2684; x_wconf 79' lang='lat' dir='ltr'><strong>Rodulium</strong></span> <span class='ocrx_word' id='word_1_186' title='bbox 792 2629 979 2683; x_wconf 89' lang='lat' dir='ltr'><strong>camerarium</strong></span> <span class='ocrx_word' id='word_1_187' title='bbox 997 2633 1133 2695; x_wconf 90' lang='lat' dir='ltr'><strong>nostrum,</strong></span> <span class='ocrx_word' id='word_1_188' title='bbox 1153 2645 1292 2683; x_wconf 90' lang='lat' dir='ltr'><strong>unacum</strong></span> <span class='ocrx_word' id='word_1_189' title='bbox 1310 2629 1351 2683; x_wconf 89' lang='lat' dir='ltr'><strong>eis</strong></span> 
     </span>
     <span class='ocr_line' id='line_1_24' title="bbox 295 2715 1352 2788; baseline -0.001 -18"><span class='ocrx_word' id='word_1_190' title='bbox 295 2715 371 2770; x_wconf 91' lang='lat' dir='ltr'><strong>bona</strong></span> <span class='ocrx_word' id='word_1_191' title='bbox 388 2716 444 2769; x_wconf 90' lang='lat' dir='ltr'><strong>fide</strong></span> <span class='ocrx_word' id='word_1_192' title='bbox 462 2716 663 2782; x_wconf 84' lang='lat' dir='ltr'><strong>intelleximus,</strong></span> <span class='ocrx_word' id='word_1_193' title='bbox 676 2720 706 2770; x_wconf 92' lang='lat' dir='ltr'><strong>et</strong></span> <span class='ocrx_word' id='word_1_194' title='bbox 721 2716 877 2770; x_wconf 89' lang='lat' dir='ltr'><strong>secundum</strong></span> <span class='ocrx_word' id='word_1_195' title='bbox 893 2720 1029 2783; x_wconf 88' lang='lat' dir='ltr'><strong>tenorem,</strong></span> <span class='ocrx_word' id='word_1_196' title='bbox 1042 2734 1098 2787; x_wconf 88' lang='lat' dir='ltr'><strong>quo</strong></span> <span class='ocrx_word' id='word_1_197' title='bbox 1116 2717 1236 2770; x_wconf 88' lang='lat' dir='ltr'><strong>eandem</strong></span> <span class='ocrx_word' id='word_1_198' title='bbox 1253 2733 1352 2788; x_wconf 89' lang='lat' dir='ltr'><strong>pacem</strong></span> 
     </span>
     <span class='ocr_line' id='line_1_25' title="bbox 296 2802 1352 2875; baseline 0.001 -19"><span class='ocrx_word' id='word_1_199' title='bbox 296 2806 325 2856; x_wconf 93' lang='lat' dir='ltr'><strong>et</strong></span> <span class='ocrx_word' id='word_1_200' title='bbox 336 2802 516 2856; x_wconf 90' lang='lat' dir='ltr'><strong>concordiam</strong></span> <span class='ocrx_word' id='word_1_201' title='bbox 528 2803 656 2857; x_wconf 89' lang='lat' dir='ltr'><strong>intimari</strong></span> <span class='ocrx_word' id='word_1_202' title='bbox 668 2808 697 2858; x_wconf 90' lang='lat' dir='ltr'><strong>et</strong></span> <span class='ocrx_word' id='word_1_203' title='bbox 708 2804 798 2875; x_wconf 82' lang='lat' dir='ltr'><strong>jurari</strong></span> <span class='ocrx_word' id='word_1_204' title='bbox 815 2802 943 2869; x_wconf 78' lang='lat' dir='ltr'><strong>fecimus,</strong></span> <span class='ocrx_word' id='word_1_205' title='bbox 957 2807 985 2857; x_wconf 93' lang='lat' dir='ltr'><strong>et</strong></span> <span class='ocrx_word' id='word_1_206' title='bbox 1003 2804 1159 2859; x_wconf 89' lang='lat' dir='ltr'><strong>secundum</strong></span> <span class='ocrx_word' id='word_1_207' title='bbox 1177 2803 1253 2874; x_wconf 88' lang='lat' dir='ltr'><strong>quod</strong></span> <span class='ocrx_word' id='word_1_208' title='bbox 1271 2804 1352 2858; x_wconf 88' lang='lat' dir='ltr'><strong>Lom-</strong></span> 
     </span>
     <span class='ocr_line' id='line_1_26' title="bbox 296 2889 1352 2960; baseline 0.001 -17"><span class='ocrx_word' id='word_1_209' title='bbox 296 2889 378 2943; x_wconf 90' lang='lat' dir='ltr'><strong>bardi</strong></span> <span class='ocrx_word' id='word_1_210' title='bbox 390 2906 453 2943; x_wconf 92' lang='lat' dir='ltr'><strong>eam</strong></span> <span class='ocrx_word' id='word_1_211' title='bbox 467 2890 543 2943; x_wconf 91' lang='lat' dir='ltr'><strong>bona</strong></span> <span class='ocrx_word' id='word_1_212' title='bbox 560 2890 616 2943; x_wconf 91' lang='lat' dir='ltr'><strong>fide</strong></span> <span class='ocrx_word' id='word_1_213' title='bbox 634 2890 845 2956; x_wconf 87' lang='lat' dir='ltr'><strong>intellexerunt,</strong></span> <span class='ocrx_word' id='word_1_214' title='bbox 858 2890 889 2942; x_wconf 91' lang='lat' dir='ltr'><strong>in</strong></span> <span class='ocrx_word' id='word_1_215' title='bbox 906 2894 1073 2960; x_wconf 89' lang='lat' dir='ltr'><strong>perpetuum</strong></span> <span class='ocrx_word' id='word_1_216' title='bbox 1091 2894 1184 2944; x_wconf 87' lang='lat' dir='ltr'><strong>ratam</strong></span> <span class='ocrx_word' id='word_1_217' title='bbox 1201 2889 1301 2944; x_wconf 86' lang='lat' dir='ltr'><strong>baberi</strong></span> <span class='ocrx_word' id='word_1_218' title='bbox 1323 2895 1352 2944; x_wconf 90' lang='lat' dir='ltr'><strong>et</strong></span> 
     </span>
     <span class='ocr_line' id='line_1_27' title="bbox 296 2976 1353 3048; baseline 0.002 -18"><span class='ocrx_word' id='word_1_219' title='bbox 296 2976 455 3030; x_wconf 84' lang='lat' dir='ltr'><strong>conservari</strong></span> <span class='ocrx_word' id='word_1_220' title='bbox 467 2976 627 3030; x_wconf 90' lang='lat' dir='ltr'><strong>statuimus.</strong></span> <span class='ocrx_word' id='word_1_221' title='bbox 664 2977 702 3030; x_wconf 87' lang='lat' dir='ltr'><strong>Et</strong></span> <span class='ocrx_word' id='word_1_222' title='bbox 714 2980 747 3031; x_wconf 91' lang='lat' dir='ltr'><strong>ut</strong></span> <span class='ocrx_word' id='word_1_223' title='bbox 761 2978 845 3031; x_wconf 90' lang='lat' dir='ltr'><strong>firma</strong></span> <span class='ocrx_word' id='word_1_224' title='bbox 861 2981 1025 3047; x_wconf 90' lang='lat' dir='ltr'><strong>permaneat</strong></span> <span class='ocrx_word' id='word_1_225' title='bbox 1043 2981 1072 3031; x_wconf 89' lang='lat' dir='ltr'><strong>et</strong></span> <span class='ocrx_word' id='word_1_226' title='bbox 1089 2977 1263 3043; x_wconf 88' lang='lat' dir='ltr'><strong>inconcussa,</strong></span> <span class='ocrx_word' id='word_1_227' title='bbox 1275 2994 1353 3048; x_wconf 87' lang='lat' dir='ltr'><strong>prae·</strong></span> 
     </span>
     <span class='ocr_line' id='line_1_28' title="bbox 296 3062 1272 3134; baseline 0 -17"><span class='ocrx_word' id='word_1_228' title='bbox 296 3068 407 3117; x_wconf 86' lang='lat' dir='ltr'><strong>sentam</strong></span> <span class='ocrx_word' id='word_1_229' title='bbox 418 3062 554 3133; x_wconf 86' lang='lat' dir='ltr'><strong>paginam</strong></span> <span class='ocrx_word' id='word_1_230' title='bbox 565 3064 655 3117; x_wconf 88' lang='lat' dir='ltr'><strong>nostri</strong></span> <span class='ocrx_word' id='word_1_231' title='bbox 667 3063 851 3133; x_wconf 87' lang='lat' dir='ltr'><strong>impressione</strong></span> <span class='ocrx_word' id='word_1_232' title='bbox 863 3063 951 3134; x_wconf 89' lang='lat' dir='ltr'><strong>sigilli</strong></span> <span class='ocrx_word' id='word_1_233' title='bbox 962 3064 1082 3118; x_wconf 75' lang='lat' dir='ltr'><strong>lecimus</strong></span> <span class='ocrx_word' id='word_1_234' title='bbox 1095 3064 1272 3118; x_wconf 90' lang='lat' dir='ltr'><strong>communiri.</strong></span> 
     </span>
    </p>

    <p class='ocr_par' dir='ltr' id='par_1_7' title="bbox 297 3150 1353 3659">
     <span class='ocr_line' id='line_1_29' title="bbox 332 3150 1352 3222; baseline 0.003 -19"><span class='ocrx_word' id='word_1_235' title='bbox 332 3150 458 3205; x_wconf 89' lang='lat' dir='ltr'><strong>Nomina</strong></span> <span class='ocrx_word' id='word_1_236' title='bbox 469 3168 535 3204; x_wconf 90' lang='lat' dir='ltr'><strong>vero</strong></span> <span class='ocrx_word' id='word_1_237' title='bbox 553 3150 710 3217; x_wconf 90' lang='lat' dir='ltr'><strong>civitatum,</strong></span> <span class='ocrx_word' id='word_1_238' title='bbox 724 3150 827 3220; x_wconf 90' lang='lat' dir='ltr'><strong>quibus</strong></span> <span class='ocrx_word' id='word_1_239' title='bbox 845 3151 968 3222; x_wconf 88' lang='lat' dir='ltr'><strong>gratiam</strong></span> <span class='ocrx_word' id='word_1_240' title='bbox 985 3154 1112 3206; x_wconf 88' lang='lat' dir='ltr'><strong>nostram</strong></span> <span class='ocrx_word' id='word_1_241' title='bbox 1129 3152 1306 3206; x_wconf 91' lang='lat' dir='ltr'><strong>reddidimus</strong></span> <span class='ocrx_word' id='word_1_242' title='bbox 1323 3155 1352 3206; x_wconf 92' lang='lat' dir='ltr'><strong>et</strong></span> 
     </span>
     <span class='ocr_line' id='line_1_30' title="bbox 297 3236 1352 3308; baseline 0.004 -19"><span class='ocrx_word' id='word_1_243' title='bbox 297 3237 498 3307; x_wconf 89' lang='lat' dir='ltr'><strong>praescriptam</strong></span> <span class='ocrx_word' id='word_1_244' title='bbox 515 3236 635 3291; x_wconf 80' lang='lat' dir='ltr'><strong>fecimus</strong></span> <span class='ocrx_word' id='word_1_245' title='bbox 653 3238 862 3292; x_wconf 89' lang='lat' dir='ltr'><strong>concessionem</strong></span> <span class='ocrx_word' id='word_1_246' title='bbox 879 3256 929 3292; x_wconf 91' lang='lat' dir='ltr'><strong>seu</strong></span> <span class='ocrx_word' id='word_1_247' title='bbox 946 3238 1167 3308; x_wconf 91' lang='lat' dir='ltr'><strong>permissionem,</strong></span> <span class='ocrx_word' id='word_1_248' title='bbox 1181 3237 1251 3293; x_wconf 90' lang='lat' dir='ltr'><strong>haec</strong></span> <span class='ocrx_word' id='word_1_249' title='bbox 1269 3243 1352 3294; x_wconf 88' lang='lat' dir='ltr'><strong>sunt:</strong></span> 
     </span>
     <span class='ocr_line' id='line_1_31' title="bbox 297 3324 1353 3397; baseline 0.002 -19"><span class='ocrx_word' id='word_1_250' title='bbox 297 3324 449 3389; x_wconf 89' lang='lat' dir='ltr'><strong>Vercellae,</strong></span> <span class='ocrx_word' id='word_1_251' title='bbox 463 3324 596 3390; x_wconf 87' lang='lat' dir='ltr'><strong>Novaria,</strong></span> <span class='ocrx_word' id='word_1_252' title='bbox 610 3325 813 3392; x_wconf 88' lang='lat' dir='ltr'><strong>Mediolanum,</strong></span> <span class='ocrx_word' id='word_1_253' title='bbox 827 3326 933 3392; x_wconf 87' lang='lat' dir='ltr'><strong>Lauda,</strong></span> <span class='ocrx_word' id='word_1_254' title='bbox 950 3326 1126 3397; x_wconf 86' lang='lat' dir='ltr'><strong>Pergamum,</strong></span> <span class='ocrx_word' id='word_1_255' title='bbox 1145 3326 1253 3389; x_wconf 88' lang='lat' dir='ltr'><strong>Brixia,</strong></span> <span class='ocrx_word' id='word_1_256' title='bbox 1273 3326 1353 3380; x_wconf 90' lang='lat' dir='ltr'><strong>Man·</strong></span> 
     </span>
     <span class='ocr_line' id='line_1_32' title="bbox 297 3410 1351 3479; baseline 0.003 -15"><span class='ocrx_word' id='word_1_257' title='bbox 297 3415 356 3477; x_wconf 90' lang='lat' dir='ltr'><strong>tua,</strong></span> <span class='ocrx_word' id='word_1_258' title='bbox 380 3410 503 3476; x_wconf 90' lang='lat' dir='ltr'><strong>Verona,</strong></span> <span class='ocrx_word' id='word_1_259' title='bbox 528 3411 669 3478; x_wconf 91' lang='lat' dir='ltr'><strong>Vicentia,</strong></span> <span class='ocrx_word' id='word_1_260' title='bbox 700 3412 807 3479; x_wconf 80' lang='lat' dir='ltr'><strong>Padus,</strong></span> <span class='ocrx_word' id='word_1_261' title='bbox 833 3412 1004 3479; x_wconf 82' lang='lat' dir='ltr'><strong>Tarvisium,</strong></span> <span class='ocrx_word' id='word_1_262' title='bbox 1035 3412 1172 3479; x_wconf 90' lang='lat' dir='ltr'><strong>Bononia,</strong></span> <span class='ocrx_word' id='word_1_263' title='bbox 1203 3414 1351 3478; x_wconf 88' lang='lat' dir='ltr'><strong>Faventia,</strong></span> 
     </span>
     <span class='ocr_line' id='line_1_33' title="bbox 298 3498 1353 3569; baseline 0.002 -17"><span class='ocrx_word' id='word_1_264' title='bbox 298 3498 420 3564; x_wconf 92' lang='lat' dir='ltr'><strong>Mutina,</strong></span> <span class='ocrx_word' id='word_1_265' title='bbox 446 3498 576 3569; x_wconf 88' lang='lat' dir='ltr'><strong>Regium,</strong></span> <span class='ocrx_word' id='word_1_266' title='bbox 601 3499 711 3566; x_wconf 88' lang='lat' dir='ltr'><strong>Parma,</strong></span> <span class='ocrx_word' id='word_1_267' title='bbox 733 3499 887 3554; x_wconf 82' lang='lat' dir='ltr'><strong>Placentia</strong></span> <span class='ocrx_word' id='word_1_268' title='bbox 923 3500 991 3554; x_wconf 91' lang='lat' dir='ltr'><strong>Istis</strong></span> <span class='ocrx_word' id='word_1_269' title='bbox 1016 3504 1110 3554; x_wconf 89' lang='lat' dir='ltr'><strong>autem</strong></span> <span class='ocrx_word' id='word_1_270' title='bbox 1135 3499 1300 3555; x_wconf 85' lang='lat' dir='ltr'><strong>civitatibus</strong></span> <span class='ocrx_word' id='word_1_271' title='bbox 1323 3503 1353 3554; x_wconf 92' lang='lat' dir='ltr'><strong>et</strong></span> 
     </span>
     <span class='ocr_line' id='line_1_34' title="bbox 298 3586 1353 3659; baseline -0.001 -17"><span class='ocrx_word' id='word_1_272' title='bbox 298 3587 367 3642; x_wconf 90' lang='lat' dir='ltr'><strong>locis</strong></span> <span class='ocrx_word' id='word_1_273' title='bbox 378 3605 475 3658; x_wconf 89' lang='lat' dir='ltr'><strong>pacem</strong></span> <span class='ocrx_word' id='word_1_274' title='bbox 488 3588 600 3641; x_wconf 90' lang='lat' dir='ltr'><strong>firmam</strong></span> <span class='ocrx_word' id='word_1_275' title='bbox 612 3604 722 3642; x_wconf 88' lang='lat' dir='ltr'><strong>servare</strong></span> <span class='ocrx_word' id='word_1_276' title='bbox 733 3588 865 3642; x_wconf 84' lang='lat' dir='ltr'><strong>volumus</strong></span> <span class='ocrx_word' id='word_1_277' title='bbox 876 3591 906 3642; x_wconf 91' lang='lat' dir='ltr'><strong>et</strong></span> <span class='ocrx_word' id='word_1_278' title='bbox 917 3587 1040 3659; x_wconf 87' lang='lat' dir='ltr'><strong>gratiam</strong></span> <span class='ocrx_word' id='word_1_279' title='bbox 1055 3591 1182 3659; x_wconf 84' lang='lat' dir='ltr'><strong>nostram</strong></span> <span class='ocrx_word' id='word_1_280' title='bbox 1199 3586 1353 3641; x_wconf 88' lang='lat' dir='ltr'><strong>reddimus.</strong></span> 
     </span>
    </p>

    <p class='ocr_par' dir='ltr' id='par_1_8' title="bbox 298 3674 1355 4183">
     <span class='ocr_line' id='line_1_35' title="bbox 334 3674 1353 3746; baseline 0 -17"><span class='ocrx_word' id='word_1_281' title='bbox 334 3676 541 3745; x_wconf 88' lang='lat' dir='ltr'><strong>Praescriptam</strong></span> <span class='ocrx_word' id='word_1_282' title='bbox 565 3680 660 3729; x_wconf 89' lang='lat' dir='ltr'><strong>autem</strong></span> <span class='ocrx_word' id='word_1_283' title='bbox 683 3676 900 3741; x_wconf 89' lang='lat' dir='ltr'><strong>concessionem,</strong></span> <span class='ocrx_word' id='word_1_284' title='bbox 920 3694 969 3730; x_wconf 91' lang='lat' dir='ltr'><strong>sen</strong></span> <span class='ocrx_word' id='word_1_285' title='bbox 993 3676 1206 3746; x_wconf 89' lang='lat' dir='ltr'><strong>permissionem</strong></span> <span class='ocrx_word' id='word_1_286' title='bbox 1229 3674 1271 3729; x_wconf 91' lang='lat' dir='ltr'><strong>eis</strong></span> <span class='ocrx_word' id='word_1_287' title='bbox 1294 3692 1353 3729; x_wconf 89' lang='lat' dir='ltr'><strong>non</strong></span> 
     </span>
     <span class='ocr_line' id='line_1_36' title="bbox 298 3761 1354 3833; baseline -0.002 -14"><span class='ocrx_word' id='word_1_288' title='bbox 298 3764 427 3829; x_wconf 86' lang='lat' dir='ltr'><strong>iacimus,</strong></span> <span class='ocrx_word' id='word_1_289' title='bbox 439 3764 571 3817; x_wconf 85' lang='lat' dir='ltr'><strong>videlicet</strong></span> <span class='ocrx_word' id='word_1_290' title='bbox 589 3763 704 3829; x_wconf 82' lang='lat' dir='ltr'><strong>imolae,</strong></span> <span class='ocrx_word' id='word_1_291' title='bbox 718 3763 818 3818; x_wconf 87' lang='lat' dir='ltr'><strong>Castro</strong></span> <span class='ocrx_word' id='word_1_292' title='bbox 837 3763 933 3818; x_wconf 85' lang='lat' dir='ltr'><strong>Sancti</strong></span> <span class='ocrx_word' id='word_1_293' title='bbox 952 3763 1089 3829; x_wconf 87' lang='lat' dir='ltr'><strong>Cassiani,</strong></span> <span class='ocrx_word' id='word_1_294' title='bbox 1108 3762 1207 3829; x_wconf 89' lang='lat' dir='ltr'><strong>Bobio,</strong></span> <span class='ocrx_word' id='word_1_295' title='bbox 1223 3761 1301 3833; x_wconf 91' lang='lat' dir='ltr'><strong>plebi</strong></span> <span class='ocrx_word' id='word_1_296' title='bbox 1318 3762 1354 3817; x_wconf 87' lang='lat' dir='ltr'><strong>de</strong></span> 
     </span>
     <span class='ocr_line' id='line_1_37' title="bbox 300 3850 1355 3921; baseline -0.001 -16"><span class='ocrx_word' id='word_1_297' title='bbox 300 3852 478 3916; x_wconf 89' lang='lat' dir='ltr'><strong>Grabadona,</strong></span> <span class='ocrx_word' id='word_1_298' title='bbox 492 3851 612 3917; x_wconf 86' lang='lat' dir='ltr'><strong>Feltrae,</strong></span> <span class='ocrx_word' id='word_1_299' title='bbox 632 3851 775 3916; x_wconf 79' lang='lat' dir='ltr'><strong>Bellonae,</strong></span> <span class='ocrx_word' id='word_1_300' title='bbox 789 3851 919 3916; x_wconf 81' lang='lat' dir='ltr'><strong>Genetes,</strong></span> <span class='ocrx_word' id='word_1_301' title='bbox 933 3851 1092 3917; x_wconf 61' lang='lat' dir='ltr'><strong>Ferrariam</strong></span> <span class='ocrx_word' id='word_1_302' title='bbox 1119 3854 1214 3905; x_wconf 84' lang='lat' dir='ltr'><strong>autem</strong></span> <span class='ocrx_word' id='word_1_303' title='bbox 1232 3850 1355 3921; x_wconf 86' lang='lat' dir='ltr'><strong>gratiam</strong></span> 
     </span>
     <span class='ocr_line' id='line_1_38' title="bbox 298 3938 1354 4009; baseline -0.002 -16"><span class='ocrx_word' id='word_1_304' title='bbox 298 3944 424 3993; x_wconf 88' lang='lat' dir='ltr'><strong>nostram</strong></span> <span class='ocrx_word' id='word_1_305' title='bbox 446 3938 591 3992; x_wconf 91' lang='lat' dir='ltr'><strong>reddimus</strong></span> <span class='ocrx_word' id='word_1_306' title='bbox 612 3942 641 3992; x_wconf 90' lang='lat' dir='ltr'><strong>et</strong></span> <span class='ocrx_word' id='word_1_307' title='bbox 660 3939 863 4009; x_wconf 86' lang='lat' dir='ltr'><strong>praescriptam</strong></span> <span class='ocrx_word' id='word_1_308' title='bbox 880 3939 1089 3993; x_wconf 89' lang='lat' dir='ltr'><strong>concessionem</strong></span> <span class='ocrx_word' id='word_1_309' title='bbox 1106 3938 1147 3993; x_wconf 90' lang='lat' dir='ltr'><strong>eis</strong></span> <span class='ocrx_word' id='word_1_310' title='bbox 1165 3938 1286 3992; x_wconf 82' lang='lat' dir='ltr'><strong>iacimus</strong></span> <span class='ocrx_word' id='word_1_311' title='bbox 1304 3954 1354 3991; x_wconf 89' lang='lat' dir='ltr'><strong>seu</strong></span> 
     </span>
     <span class='ocr_line' id='line_1_39' title="bbox 299 4024 1355 4097; baseline 0 -18"><span class='ocrx_word' id='word_1_312' title='bbox 299 4026 521 4097; x_wconf 87' lang='lat' dir='ltr'><strong>permissionem,</strong></span> <span class='ocrx_word' id='word_1_313' title='bbox 534 4025 559 4080; x_wconf 95' lang='lat' dir='ltr'><strong>si</strong></span> <span class='ocrx_word' id='word_1_314' title='bbox 571 4025 648 4079; x_wconf 84' lang='lat' dir='ltr'><strong>inira</strong></span> <span class='ocrx_word' id='word_1_315' title='bbox 661 4027 731 4081; x_wconf 91' lang='lat' dir='ltr'><strong>duos</strong></span> <span class='ocrx_word' id='word_1_316' title='bbox 744 4043 853 4081; x_wconf 89' lang='lat' dir='ltr'><strong>menses</strong></span> <span class='ocrx_word' id='word_1_317' title='bbox 868 4030 932 4097; x_wconf 90' lang='lat' dir='ltr'><strong>post</strong></span> <span class='ocrx_word' id='word_1_318' title='bbox 949 4026 1074 4079; x_wconf 89' lang='lat' dir='ltr'><strong>reditum</strong></span> <span class='ocrx_word' id='word_1_319' title='bbox 1092 4024 1319 4080; x_wconf 89' lang='lat' dir='ltr'><strong>Lombardorum</strong></span> <span class='ocrx_word' id='word_1_320' title='bbox 1338 4041 1355 4079; x_wconf 85' lang='lat' dir='ltr'><strong>a</strong></span> 
     </span>
     <span class='ocr_line' id='line_1_40' title="bbox 299 4112 1219 4183; baseline -0.004 -12"><span class='ocrx_word' id='word_1_321' title='bbox 299 4112 378 4171; x_wconf 84' lang='lat' dir='ltr'><strong>curia</strong></span> <span class='ocrx_word' id='word_1_322' title='bbox 389 4117 488 4167; x_wconf 89' lang='lat' dir='ltr'><strong>nostra</strong></span> <span class='ocrx_word' id='word_1_323' title='bbox 500 4112 535 4166; x_wconf 90' lang='lat' dir='ltr'><strong>de</strong></span> <span class='ocrx_word' id='word_1_324' title='bbox 546 4128 615 4182; x_wconf 90' lang='lat' dir='ltr'><strong>pace</strong></span> <span class='ocrx_word' id='word_1_325' title='bbox 626 4112 799 4183; x_wconf 85' lang='lat' dir='ltr'><strong>praescripta</strong></span> <span class='ocrx_word' id='word_1_326' title='bbox 810 4129 874 4167; x_wconf 87' lang='lat' dir='ltr'><strong>curn</strong></span> <span class='ocrx_word' id='word_1_327' title='bbox 887 4112 928 4167; x_wconf 90' lang='lat' dir='ltr'><strong>eis</strong></span> <span class='ocrx_word' id='word_1_328' title='bbox 940 4113 1090 4167; x_wconf 90' lang='lat' dir='ltr'><strong>concordes</strong></span> <span class='ocrx_word' id='word_1_329' title='bbox 1102 4112 1219 4167; x_wconf 81' lang='lat' dir='ltr'><strong>inerint.</strong></span> 
     </span>
    </p>
   </div>
   <div class='ocr_carea' id='block_1_3' title="bbox 0 0 1656 4809">
    <p class='ocr_par' dir='ltr' id='par_1_9' title="bbox 0 0 1656 4809">
     <span class='ocr_line' id='line_1_41' title="bbox 0 0 1656 4809; baseline 0 0"><span class='ocrx_word' id='word_1_330' title='bbox 0 0 1656 4809; x_wconf 95' lang='lat' dir='ltr'><strong> </strong></span> 
     </span>
    </p>
   </div>
  </div>
 </body>
</html>
