3292 4809
558 652 634 702 rim
655 651 914 703 ossonmsmu
936 650 1082 702 rnaron.
1307 632 1351 700 15

292 820 358 905 ipsi
371 820 498 907 justam
513 820 692 890 observent
707 819 963 897 oboedientiam,
978 840 1040 885 seu
1055 817 1199 885 ducibus
1214 838 1253 884 ao
1268 817 1354 905 judi·

293 923 386 989 oibus
400 926 482 1003 suis,
498 923 541 989 ad
563 916 728 1012 justitiam
744 921 946 991 faciendam.
991 920 1034 987 In
1048 921 1113 989 hoo
1130 921 1279 1009 capitulo
1294 923 1354 989 fiat

293 1037 588 1094 commemoratum
603 1027 644 1095 de
660 1028 772 1097 viduis
795 1034 832 1095 et
853 1027 979 1095 orfanis
1002 1026 1181 1106 Theodori,
1197 1026 1353 1093 Floronia

293 1138 328 1198 et
342 1130 461 1219 Sergii.
1094 1200 1103 1217 ,

337 1236 368 1301 2.
392 1236 442 1302 Ut
453 1236 727 1322 depraedationes
739 1258 827 1323 quae
838 1236 1003 1303 haetenus
1018 1234 1092 1301 fieri
1106 1233 1270 1314 solebant,
1281 1257 1354 1322 pro

292 1339 444 1406 hibemus
456 1362 499 1407 ne
510 1341 605 1419 fiant,
614 1362 725 1427 neque
735 1341 872 1407 vivente
883 1340 1042 1427 pontifice
1054 1360 1165 1425 neque
1179 1339 1351 1406 defuneto.

293 1442 330 1509 Si
345 1444 422 1530 quis
437 1465 516 1511 vero
531 1445 674 1510 ulterius
688 1444 752 1510 hoo
767 1443 896 1522 feeerit,
912 1444 998 1509 sciat
1012 1464 1048 1509 se
1063 1444 1167 1531 legali
1184 1443 1353 1509 sententia

293 1569 363 1614 esse
379 1548 681 1614 condemnandum.
728 1548 825 1628 Quae
840 1555 955 1615 autem
970 1554 1059 1614 retro
1074 1554 1168 1613 eatae
1182 1554 1273 1624 sunt,
1284 1547 1354 1633 pla·

294 1658 349 1718 oet
370 1651 475 1732 nobis,
498 1660 539 1720 ut
559 1674 619 1738 per
643 1651 898 1739 dispositionem
920 1660 1071 1718 nostram
1093 1650 1178 1716 fiant
1198 1650 1354 1739 legaliter

199 1768 200 1773 ’
294 1755 501 1822 emendatae.

338 1860 369 1925 3.
393 1858 563 1926 Volumus
575 1860 663 1927 utin
675 1860 838 1927 electione
850 1859 1020 1947 pontificis
1031 1860 1150 1925 nullus
1161 1866 1354 1946 praesumat

294 1965 419 2043 venire,
443 1985 554 2052 neque
578 1965 664 2031 liber
687 1986 798 2051 neque
822 1986 951 2043 servus,
968 1965 1030 2050 qui
1053 1963 1194 2049 aliquod
1217 1964 1354 2050 impedi·

295 2075 447 2134 mentum
470 2066 583 2146 faeiat,
606 2069 675 2135 illis
698 2068 910 2135 solummodo
935 2068 1104 2146 Romanis,
1124 2068 1246 2153 quibus
1268 2068 1354 2134 anti·

295 2174 411 2257 quitus
427 2172 496 2238 luit
510 2172 680 2239 oonsuedo
701 2194 860 2243 consessa
880 2194 941 2260 per
962 2173 1239 2239 constitutionem
1260 2193 1354 2238 sane·
1400 2177 1403 2184 '

295 2282 407 2342 torum
421 2283 557 2363 patrum
572 2276 721 2363 eligendi
735 2276 939 2363 pontificem.
985 2274 1087 2357 Quod
1100 2276 1130 2343 si
1145 2276 1222 2362 quis
1236 2282 1354 2343 eontra

294 2380 382 2446 hane
396 2381 580 2466 jussionem
594 2388 745 2448 nostram
760 2379 871 2448 iacere
892 2381 1163 2469 praesumpserit,
1178 2380 1268 2447 exilu
1290 2388 1354 2447 tra·

295 2483 405 2550 datur.

338 2588 370 2653 4.
393 2588 562 2655 Volumus
584 2595 626 2655 ut
651 2589 744 2655 missi
769 2589 1022 2656 constituantur
1046 2588 1088 2656 de
1118 2595 1213 2676 parte
1238 2589 1354 2655 domni

296 2693 470 2778 apostolici
500 2700 536 2759 et
572 2699 697 2772 nostra,
728 2696 789 2780 qui
827 2695 1002 2760 annuatim
1031 2692 1126 2759 nobis
1159 2694 1353 2760 renuntiare

294 2797 440 2875 valeant,
452 2797 599 2883 qualiter
609 2798 736 2885 singuli
750 2798 853 2865 duces
863 2804 899 2865 et
909 2798 1038 2885 judiees
1050 2798 1217 2884 justitiam
1226 2799 1352 2885 populo

295 2902 433 2980 faciant,
455 2909 490 2967 et
513 2900 682 2987 quomodo
698 2910 848 2967 nostram
871 2902 1148 2968 constitutionem
1165 2901 1352 2969 observent.

296 3003 366 3083 Qui
382 3004 483 3082 missi,
500 3004 719 3083 decernimus,
735 3012 776 3071 ut
796 3006 942 3092 primum
957 3013 1098 3072 eunetos
1114 3006 1276 3072 clamores
1292 3006 1353 3091 qui

294 3128 354 3193 per
376 3108 627 3194 neglegentiam
649 3107 776 3175 dueum
797 3117 859 3175 aut
883 3109 1036 3195 judicum
1057 3109 1187 3176 fuerint
1211 3110 1352 3188 inventi,
1406 3173 1408 3178 .

295 3210 339 3275 ad
360 3212 517 3277 notitiam
539 3211 654 3277 domni
676 3214 850 3299 apostolici
874 3214 1039 3292 deferant,
1055 3221 1092 3281 et
1113 3215 1185 3299 ipse
1207 3235 1315 3279 unum
1333 3235 1352 3279 e

296 3314 426 3380 duobus
452 3316 568 3402 eligat,
591 3323 632 3381 ut
657 3325 718 3383 aut
743 3319 860 3384 statim
882 3340 943 3405 per
967 3317 1103 3384 eosdem
1126 3319 1243 3383 missos
1269 3317 1354 3383 fiant

295 3419 386 3503 ipsae
410 3420 626 3485 necessitates
651 3420 858 3500 emendatae,
877 3428 939 3487 aut
961 3422 990 3487 si
1014 3442 1092 3500 non,
1115 3444 1176 3508 per
1200 3427 1354 3487 nostrum

295 3523 435 3587 missum
457 3522 516 3588 fiat
538 3523 634 3590 nobis
649 3531 778 3602 notum,
793 3531 835 3591 ut
855 3547 917 3612 per
933 3533 1066 3593 nostros
1088 3526 1207 3592 missos
1222 3523 1353 3590 anobis

215 3694 218 3700 ,
296 3625 440 3692 directos
455 3627 579 3692 iterum
595 3628 827 3694 emendentur.

340 3727 370 3795 5.
395 3729 565 3823 Volumus
583 3737 624 3796 ut
644 3739 787 3798 eunetus
809 3733 956 3819 populus
979 3733 1151 3801 Romanus
1172 3734 1354 3821 interroge-

295 3841 362 3913 tur,
379 3855 447 3919 qua
460 3835 536 3921 lege
552 3835 629 3902 vult
644 3836 769 3913 vivere,
784 3843 827 3902 ut
846 3838 909 3903 tali
928 3859 996 3923 qua
1009 3860 1046 3904 se
1061 3836 1203 3924 professi
1225 3836 1353 3904 luerint

296 3938 412 4004 vivere
438 3938 538 4017 velle,
564 3939 693 4007 vivant.
738 3938 880 4026 Illisque
910 3941 1142 4019 denuntietur,
1167 3939 1260 4027 quod
1288 3940 1352 4007 hoo

296 4042 530 4129 unusquisque
539 4044 635 4123 solat,
644 4050 715 4109 tam
725 4043 829 4111 duees
839 4066 941 4131 quam
950 4051 985 4111 et
993 4045 1124 4134 judiees
1133 4045 1190 4114 vel
1200 4045 1353 4135 reliquus
