3292 4809
498 622 574 669 run
595 620 899 670 nonuusraurnu
920 622 1067 671 rumen.
1088 654 1090 658 ,
1269 608 1311 673 83

255 813 402 877 quorum
416 798 514 856 tenor
528 791 606 856 talis
622 798 703 869 erat,
721 790 813 876 quod
828 812 887 876 pre
907 791 1013 857 oculis
1035 792 1158 858 mentis
1179 814 1311 879 semper

255 896 452 961 deberemus
467 894 599 972 habere,
616 895 762 982 qualiter
780 894 923 960 domnus
945 916 1033 981 papa
1054 896 1187 984 insigne
1209 897 1312 982 impe·

254 1000 346 1064 rialis
362 1020 503 1064 coronae
523 997 619 1063 nobis
642 998 836 1077 contulerit,
852 1020 964 1084 neque
987 1006 1101 1065 tamen
1123 1001 1311 1087 penitentia

254 1110 455 1181 moveretur,
471 1103 500 1169 si
515 1102 640 1188 majora
662 1103 866 1169 excellentia
887 1111 1002 1168 nostra
1024 1104 1066 1169 ab
1088 1125 1128 1169 eo
1150 1105 1311 1172 beneficia

254 1208 465 1293 suscepisset.
511 1205 606 1272 Haec
623 1213 696 1272 erat
710 1208 770 1271 illa
785 1215 944 1293 paternae
963 1207 1152 1274 dulcedinis
1174 1210 1310 1296 legatio,

255 1333 341 1398 quae
365 1312 532 1377 unitatem
554 1312 733 1378 aecclesiae
761 1320 796 1378 et
826 1312 958 1398 imperii
980 1312 1159 1379 confovere
1183 1313 1309 1392 debuit,

254 1438 341 1503 quae
358 1418 495 1482 vinculo
509 1418 601 1503 pacis
617 1424 800 1502 utrumque
816 1417 976 1503 colligare
998 1416 1143 1496 studuit,
1158 1440 1245 1505 quae
1267 1419 1312 1484 ad

253 1522 431 1607 utriusque
447 1520 660 1587 concordiam
675 1528 710 1587 et
722 1521 946 1587 obedientiam
958 1522 1087 1586 animos
1099 1522 1311 1587 audientium

253 1626 383 1691 allexit.
429 1624 529 1691 Certe
546 1625 591 1690 ad
604 1646 721 1691 vocem
743 1625 838 1689 illam
859 1624 1042 1691 nefandam
1064 1633 1100 1691 et
1121 1627 1213 1690 omni
1228 1628 1312 1694 veri·

253 1736 324 1795 tate
354 1750 498 1795 vacuam
527 1750 596 1795 non
625 1730 736 1796 solum
764 1730 947 1815 imperialis
977 1729 1132 1816 majestas
1163 1729 1309 1797 debitam

253 1833 523 1921 indignationem
557 1835 722 1920 concepit,
752 1855 872 1899 verum
904 1855 1018 1900 omnes
1052 1833 1220 1920 principes
1250 1836 1310 1921 qui

253 1938 395 2004 aderant
409 1945 506 2004 tanto
521 1938 635 2004 furore
652 1946 688 2005 et
702 1940 752 2003 ira
767 1945 850 2005 sunt
863 1938 995 2025 repleti,
1011 1938 1105 2023 quod
1119 1939 1191 2004 sine
1206 1938 1309 2005 dubio

252 2042 330 2108 illos
346 2042 430 2109 duos
444 2043 580 2130 iniquos
595 2042 796 2129 presbiteros
812 2043 931 2108 mortis
946 2043 1115 2108 sententia
1137 2042 1311 2129 dampnas·

253 2154 339 2222 sent,
354 2147 421 2211 nisi
435 2148 498 2213 hoc
514 2154 630 2212 nostra
644 2147 879 2232 intercepisset
892 2147 1071 2232 presentia.
1109 2146 1214 2211 Porro
1229 2148 1310 2232 quia

253 2250 362 2315 multa
377 2251 471 2337 paria
485 2251 676 2317 litterarum
691 2250 784 2337 apud
798 2272 854 2316 eos
869 2258 1003 2336 reperta
1013 2257 1096 2315 sunt
1106 2258 1142 2317 et
1151 2250 1308 2317 scedulae

253 2354 420 2441 sigillatae
437 2354 480 2420 ad
495 2355 671 2421 arbitrium
686 2377 804 2420 eorum
819 2354 930 2419 adhue
952 2353 1159 2432 scribendae,
1175 2356 1308 2441 quibua,

252 2459 343 2524 siout
368 2467 508 2525 actenus
535 2460 793 2525 consuetudinis
823 2481 940 2525 eorum
969 2459 1046 2538 fuit,
1072 2460 1308 2546 persingulas

253 2563 430 2629 aecclesias
458 2564 636 2630 Teutonici
662 2565 758 2652 regni
785 2571 987 2650 conceptum
1012 2564 1204 2649 iniquitatis
1228 2586 1309 2629 suae

253 2667 347 2733 virus
368 2688 571 2755 respergere,
592 2668 712 2732 altaria
734 2667 915 2745 denudare,
930 2688 1011 2733 vasa
1032 2666 1151 2732 domus
1174 2667 1240 2733 Dei
1262 2689 1309 2732 as·

253 2777 396 2856 portare,
411 2793 526 2837 cruces
542 2772 706 2836 excoriare
723 2772 930 2849 nitebantur,
942 2792 985 2836 ne
1002 2771 1093 2836 ultra
1104 2770 1309 2856 procedendi

253 2873 399 2940 facultas
414 2876 461 2941 eis
478 2876 623 2952 daretur,
640 2876 760 2940 eadem
777 2897 845 2960 qua
859 2882 1023 2940 venerant
1038 2876 1093 2941 via
1115 2874 1159 2940 ad
1182 2874 1309 2941 Urbem

253 2999 309 3043 eos
325 2978 433 3044 redire
449 2979 601 3045 fecimus.
647 2979 802 3063 Cumque
817 3001 878 3065 per
898 2980 1097 3045 electionem
1118 2980 1309 3066 principum

254 3103 274 3146 a
299 3082 371 3147 solo
397 3082 471 3147 Deo
499 3105 640 3170 regnum
667 3091 702 3147 et
727 3084 906 3167 imperium
930 3090 1085 3148 nostrum
1112 3084 1167 3162 sit,
1190 3085 1251 3169 qui
1272 3084 1309 3148 in

252 3186 407 3272 passione
424 3186 551 3251 Christi
566 3187 626 3250 filii
641 3188 694 3251 sui
709 3185 841 3251 duobus
852 3186 974 3272 gladiis
987 3187 1180 3253 necessariis
1193 3210 1310 3276 regen·

254 3290 335 3354 dum
351 3289 465 3355 orbem
479 3290 631 3375 subjecit,
647 3311 793 3374 cumque
810 3289 933 3355 Petrus
954 3291 1127 3375 apostolus
1149 3290 1213 3357 hac
1235 3292 1310 3357 doo-

253 3395 342 3459 trina
379 3393 544 3458 mundum
580 3393 831 3459 informaverit:
869 3393 1000 3459 ‘Deum
1036 3395 1165 3473 timete,
1195 3417 1309 3483 regem

253 3497 494 3576 honorificate,'
514 3499 719 3583 quicumque
747 3517 808 3562 nos
835 3498 1043 3583 imperialem
1069 3520 1225 3564 coronam
1248 3521 1308 3585 pro

253 3598 412 3665 beneficio
427 3621 447 3664 a
463 3599 585 3664 domno
600 3621 687 3686 papa
702 3602 887 3686 suscepisse
907 3600 1043 3679 dixerit,
1059 3601 1193 3668 divinae
1216 3603 1310 3668 insti·

254 3705 380 3769 tutioni
404 3712 440 3769 et
466 3703 638 3771 doctrinae
665 3703 760 3771 Petri
787 3706 974 3771 contrarius
1000 3713 1114 3773 estet
1143 3706 1309 3772 mendacii

252 3831 330 3874 reus
352 3808 427 3874 erit.
475 3808 565 3889 Quia
587 3830 666 3875 vero
691 3817 832 3875 actenus
858 3810 1020 3875 honorem
1049 3831 1088 3875 ac
1118 3809 1309 3876 libertatem

253 3912 499 3989 aecclesiarum,
516 3934 603 3998 quae
624 3914 692 3999 jam
713 3912 774 3978 diu
795 3912 965 3980 indebitae
988 3915 1205 3999 se(r)vitutis
1227 3915 1309 4002 jugo

253 4015 410 4103 depressa
424 4023 487 4096 est,
502 4038 523 4082 a
537 4037 641 4082 manu
663 4017 888 4105 Egyptiorum
909 4017 1102 4084 studuimus
1124 4019 1251 4106 eripere
1274 4028 1310 4086 et
