3292 4809
318 605 360 671 52
536 620 669 670 sunncr
692 620 898 670 uummvnr,
922 622 1153 672 nocunuurs.

362 790 458 857 Inter
473 811 557 877 quos
572 790 764 875 specialiter
779 789 973 870 Heinrious,
989 813 1091 878 quem
1109 790 1230 860 dicunt
1246 815 1372 881 regem,

319 892 473 959 Heinrici
498 894 707 979 imperatoris
732 892 834 972 filius,
859 901 976 960 contra
1001 903 1149 962 vestram
1179 895 1373 964 calcaneum

318 987 428 1065 erexit
449 998 634 1075 ecclesiam,
654 996 745 1063 facta
767 1019 846 1063 cum
867 1000 984 1064 multis
1007 1000 1170 1086 episcopis
1193 1001 1374 1067 ultramon-

318 1103 406 1168 tanis
417 1110 456 1168 'et
471 1102 598 1167 Italicis
609 1103 863 1188 conspiratione,
874 1104 1040 1181 annitens,
1052 1125 1105 1169 me
1115 1103 1289 1171 deiciendo
1300 1127 1373 1172 eam

318 1207 381 1273 sibi
390 1206 580 1294 subjugare.
612 1205 719 1292 Cujus
731 1207 905 1293 superbiae
917 1215 1030 1274 vestra
1042 1209 1168 1274 resistit
1179 1210 1372 1289 auctoritas,

319 1334 458 1399 eamque
474 1319 586 1379 vestra
604 1311 773 1379 destruxit
787 1320 946 1399 potestas.
993 1312 1072 1394 Qui,
1088 1314 1249 1380 confusus
1264 1322 1300 1380 et
1314 1315 1374 1379 hu·

319 1417 484 1481 militatus
500 1415 545 1480 ad
559 1438 611 1481 me
627 1417 662 1480 in
675 1416 944 1503 Longobardiam
959 1419 1110 1496 veniens,
1126 1417 1372 1484 absolutionem

319 1521 360 1586 ab
383 1520 728 1586 excommunicatione
752 1522 931 1606 quaesivit.
976 1520 1088 1602 Quem
1102 1542 1165 1609 ego
1181 1521 1299 1588 videns
1314 1522 1374 1586 hu·

319 1628 495 1705 miliatum‚
512 1628 629 1693 multis
649 1626 691 1692 ab
706 1648 745 1693 eo
760 1628 1035 1720 promissionibus
1057 1628 1204 1713 acceptis
1226 1626 1269 1693 de
1291 1648 1372 1694 suae

241 1735 248 1747 “
319 1733 409 1797 vitae
425 1731 671 1810 emendatione,
682 1732 788 1798 solam
805 1733 836 1798 ei
852 1732 1122 1797 communionem
1136 1731 1288 1808 reddidi3
1303 1753 1373 1797 non

318 1844 432 1902 tamen
446 1837 483 1900 in
497 1857 611 1925 regno,
626 1859 646 1901 a
661 1857 730 1922 quo
746 1858 825 1902 eum
846 1837 880 1900 in
906 1836 1056 1901 Romana
1069 1835 1199 1922 synodo
1215 1835 1374 1922 deposue-

318 1963 400 2019 ram,
416 1942 621 2019 instauravi3
644 1963 705 2007 nec
727 1941 926 2008 fidelitatem
947 1942 1108 2019 omniurn,
1124 1941 1184 2026 qui
1201 1940 1265 2007 sibi
1286 1940 1374 2027 jura-

319 2056 440 2117 verant
453 2050 509 2116 vel
524 2056 620 2115 erant
640 2049 800 2139 juraturi,
811 2071 832 2113 a
847 2070 915 2134 qua
930 2069 1045 2114 omnes
1061 2046 1191 2113 absolvi
1205 2046 1242 2110 in
1256 2045 1373 2112 eadem

318 2154 458 2241 synodo,
474 2160 514 2219 ut
528 2153 591 2219 sibi
606 2161 805 2230 servaretur,
821 2152 985 2238 praecepi.
1031 2151 1078 2217 Et
1096 2150 1180 2217 haec
1198 2149 1274 2215 ideo
1290 2149 1374 2216 deti-

319 2260 390 2335 nui,
406 2264 446 2323 ut
470 2258 560 2324 inter
582 2280 660 2323 eum
683 2265 718 2323 et
740 2258 913 2343 episcopos
928 2257 984 2323 vel
1005 2255 1173 2342 principes
1191 2255 1373 2319 ultramon-

318 2370 424 2438 tanos,
441 2363 500 2447 qui
516 2362 547 2427 ei
563 2382 662 2426 causa
676 2361 833 2446 jussionis
845 2367 976 2426 vestrae
992 2359 1152 2425 ecclesiae
1167 2359 1372 2436 restiterant,

317 2466 482 2550 justitiam
508 2464 655 2531 facerem
684 2465 740 2531 vel
769 2485 885 2551 pacem
908 2485 1160 2549 componerem3
1189 2463 1372 2549 sicutipse

319 2569 499 2635 Heinrious
517 2570 708 2652 juramento
722 2589 784 2654 per
799 2567 884 2632 duos
900 2568 1073 2653 episcopos
1089 2565 1192 2631 michi
1207 2569 1373 2651 promisit.

319 2671 489 2737 Praedicti
505 2678 618 2737 autem
631 2670 777 2756 episcopi
788 2677 823 2735 et
838 2671 1004 2757 principes
1016 2670 1268 2747 ultramontani,
1280 2668 1373 2735 audi·

319 2784 425 2853 entes,
448 2775 545 2840 illum
568 2795 637 2839 non
658 2795 792 2841 servare
815 2774 899 2839 mihi
928 2773 1021 2859 quod
1045 2775 1252 2860 promiserat,
1275 2774 1372 2859 quasi

319 2880 486 2966 desperati
501 2879 543 2946 de
560 2900 608 2956 eo,
625 2879 697 2944 sine
720 2899 793 2943 meo
816 2878 955 2943 consilio
978 2878 1072 2944 vobis
1094 2878 1247 2955 testibus,
1266 2879 1373 2964 elege-

318 2992 400 3050 runt
414 2982 478 3049 sibi
494 2982 685 3049 Rudulium
700 2981 821 3047 ducem
843 2983 880 3046 in
903 3004 1027 3068 regern.
1073 2980 1142 3062 Qui
1164 3004 1224 3053 rex
1248 2981 1373 3047 Rodul-

319 3088 374 3153 fus
389 3088 590 3153 festinanter
611 3086 655 3151 ad
677 3107 730 3151 me
753 3087 854 3151 misso
877 3086 1000 3151 nuncio
1022 3085 1203 3153 indicavit:
1226 3107 1262 3151 se
1281 3106 1373 3150 coac-

318 3200 393 3257 tum
408 3192 504 3279 regni
518 3190 747 3278 gubernacula
761 3190 946 3275 suscepisse
966 3196 1098 3268 tamen3
1121 3211 1193 3256 sese
1216 3196 1372 3275 paratum

319 3291 421 3356 michi
437 3291 593 3357 omnibus
607 3291 715 3356 modis
731 3290 899 3356 oboedire.
940 3292 987 3374 Et
1002 3297 1042 3354 ut
1057 3291 1120 3354 hoo
1134 3292 1246 3355 verius
1262 3292 1374 3376 creda·
1402 3331 1405 3337 -

318 3403 385 3470 tur,
398 3415 529 3478 semper
544 3416 637 3460 exeo
653 3402 803 3478 tempore
815 3394 965 3459 eundum
976 3393 1059 3457 mihi
1070 3394 1163 3459 misit
1175 3415 1373 3472 sermonem,

320 3493 467 3559 adiciens
489 3493 592 3557 etiam
614 3492 683 3557 filio
705 3513 767 3557 suo
790 3492 904 3558 obside
928 3499 963 3558 et
984 3493 1093 3559 fidelis
1107 3494 1161 3559 sui
1177 3494 1272 3559 ducis
1296 3494 1375 3559 Ber·

319 3597 404 3663 taldi
419 3597 499 3673 filio,
516 3595 606 3681 quod
621 3595 848 3682 promittebat,
863 3596 1004 3662 firmare.
1042 3597 1176 3663 Interea
1192 3596 1373 3663 Heinrious

320 3701 409 3785 cepit
431 3722 483 3766 me
506 3700 644 3785 precari,
660 3700 813 3765 utillum
836 3707 954 3766 contra
976 3700 1167 3786 predictum
1185 3700 1373 3766 Rodulfum

319 3804 522 3889 adjuvarem.
569 3804 635 3869 Oui
660 3803 835 3890 respondi:
867 3826 919 3869 me
941 3804 1087 3871 libenter
1115 3805 1225 3871 facere
1255 3804 1373 3870 audita

319 3909 496 3993 utriusque
519 3908 624 3993 partis
652 3909 789 3985 ratione,
812 3915 853 3972 ut
875 3909 1004 3986 scirem,
1027 3909 1082 3974 cui
1112 3909 1243 3995 justitia
1265 3909 1372 3995 magis

318 4011 458 4078 faveret.
502 4011 566 4079 Ille
582 4033 663 4079 vero
677 4020 811 4099 putans,
827 4012 898 4078 suis
913 4012 1041 4079 viribus
1056 4034 1134 4079 enm
1148 4029 1244 4100 posse
1259 4011 1374 4079 devin-
