3292 4809
218 719 228 726 ἢ
322 634 363 699 66
539 651 672 701 sunnon
686 650 903 728 ,nnnrnvnn
927 651 1157 701 nooorrnrrs.

320 838 360 883 eo
375 819 557 906 privilegio
572 820 777 899 continetur,
797 818 891 905 quod
907 820 1048 885 allectus
1063 820 1221 885 canonice
1244 840 1264 883 a
1287 820 1376 884 clero

322 929 359 986 et
372 922 498 1006 populo
512 944 533 987 a
547 923 680 988 nemine
696 931 919 1002 consecretur,
935 924 1001 989 nisi
1015 924 1109 1008 prius
1130 944 1150 987 a
1169 945 1247 1009 rege
1269 924 1377 988 inves

322 1024 437 1102 tiatur,
454 1024 547 1110 quod
562 1032 614 1092 est
628 1034 746 1092 eontra
764 1025 928 1113 Spiritum
950 1035 1107 1094 sanctum
1127 1034 1163 1093 et
1182 1028 1377 1093 canonicam

322 1127 582 1195 institutionem.

367 1231 522 1299 Perlecta
536 1256 616 1300 vero
634 1234 697 1301 hac
720 1243 822 1314 carta,
837 1237 1058 1302 acclamatum
1081 1242 1134 1302 est
1155 1236 1197 1302 ab
1218 1236 1377 1302 universo

323 1337 481 1402 coneilio:
507 1337 666 1405 “Amenl
689 1339 821 1406 Amenl
845 1338 945 1427 lyadl
969 1338 1085 1405 fiadl''

776 1605 915 1634 ss

577 1812 651 1875 THE
675 1813 893 1877 concocunt
916 1814 960 1878 OF
982 1814 1123 1877 uonna.

524 1994 566 2080 a)
595 1993 664 2060 Ite
686 1994 893 2061 Concessioaa
910 1997 948 2077 of
964 1994 1112 2061 Calictua
1126 1994 1178 2060 Π.

699 2148 1009 2210 mammam

368 2273 442 2361 Ego
458 2271 615 2340 Oalixtus
634 2273 811 2361 episcopus
826 2298 943 2342 servus
958 2297 1133 2342 servorum
1155 2275 1231 2352 Dei,
1247 2274 1311 2340 tibi
1333 2273 1380 2339 di·

322 2376 410 2442 lecto
422 2375 492 2442 filio
508 2375 554 2441 H.
570 2378 636 2444 Dei
649 2381 758 2465 gratia
770 2380 999 2444 Romanorum
1013 2380 1207 2463 imperatori
1223 2385 1379 2465 augusto,

323 2479 472 2546 concedo
494 2481 676 2547 electiones
700 2484 934 2568 episcoporum
957 2490 994 2549 et
1016 2482 1176 2548 abbatum
1199 2482 1379 2548 Teutonici

323 2585 428 2671 regni,
444 2585 505 2671 qui
528 2584 573 2649 ad
595 2607 738 2673 regnum
764 2588 944 2672 pertinent,
962 2588 999 2650 in
1021 2587 1190 2672 presentia
1214 2593 1275 2651 tua
1297 2585 1379 2662 fieri,

323 2688 448 2775 absque
474 2689 635 2775 symonia,
660 2697 696 2756 et
720 2691 835 2775 aliqua
861 2691 1043 2767 violentia3
1077 2697 1117 2755 ut
1142 2691 1171 2755 si
1198 2710 1266 2775 qua
1291 2690 1381 2755 inter

323 2800 435 2879 partes
457 2792 623 2860 discordia
646 2796 828 2872 emerserit,
844 2794 1094 2880 metropolitani
1117 2801 1152 2860 et
1174 2794 1381 2878 comprovin-

324 2897 460 2964 cialium
483 2898 624 2993 consilio
648 2899 704 2964 vel
727 2898 864 2985 judicio,
884 2897 1014 2963 Saniori
1037 2899 1126 2984 parti
1150 2919 1322 2963 assensum
1346 2904 1381 2963 et

324 3002 491 3067 auxilium
505 2993 652 3087 prebeas.
698 3002 838 3068 Electus
861 3009 975 3068 autem
995 3003 1132 3091 regalia,
1148 3003 1273 3087 absque
1289 3003 1380 3066 omni

324 3107 510 3183 exactione,
526 3128 585 3192 per
600 3114 769 3192 sceptrum
783 3129 803 3172 a
819 3115 854 3173 te
869 3107 1019 3193 recipiat,
1035 3114 1071 3173 et
1085 3129 1152 3192 que
1169 3129 1211 3172 ex
1232 3106 1283 3171 his
1306 3107 1379 3191 jure

323 3209 385 3275 tibi
408 3209 508 3276 debet
526 3209 640 3276 faeiat.
685 3210 740 3275 Ex
755 3211 831 3277 aliis
846 3233 927 3277 vero
941 3210 1092 3296 partibus
1115 3211 1247 3296 imperii
1269 3231 1382 3275 conse·

324 3323 446 3392 cratus,
461 3312 551 3378 infra
565 3336 625 3380 sex
645 3337 785 3393 menses,
800 3315 927 3402 regalia
942 3314 1067 3400 absque
1090 3315 1182 3378 omni
1204 3315 1380 3379 exactione

323 3439 384 3503 per
394 3424 566 3503 sceptrum
580 3439 600 3483 a
615 3427 649 3485 te
665 3420 814 3504 recipiat,
831 3427 867 3484 et
889 3440 955 3506 que
971 3440 1014 3484 ex
1029 3418 1082 3483 his
1103 3419 1178 3504 jure
1199 3418 1262 3483 tibi
1283 3416 1382 3482 debet

323 3520 436 3588 faciat.
482 3521 643 3608 Exceptis
667 3522 821 3589 omnibus
845 3544 912 3608 que
935 3522 979 3588 ad
1001 3522 1187 3587 Romanam
1205 3521 1381 3586 ecelesiam

323 3627 491 3712 pertinere
503 3634 702 3692 noscuntur.
748 3625 800 3692 De
814 3627 937 3713 quibus
949 3648 1028 3692 vero
1040 3622 1123 3690 mihi
1138 3625 1382 3712 querimoniam

323 3730 453 3809 feceris,
475 3737 511 3797 et
532 3732 697 3796 auxilium
722 3732 955 3817 postulaveris,
978 3729 1165 3796 secundum
1188 3728 1289 3794 officii
1315 3729 1382 3794 mei

324 3834 475 3903 debitum
490 3834 658 3900 auxilium
679 3834 742 3899 tibi
763 3834 930 3919 prestabo.
976 3833 1030 3899 Do
1046 3833 1108 3899 tibi
1123 3855 1237 3899 veram
1254 3854 1381 3919 pacem,

323 3938 529 4017 etomnibus
552 3938 612 4024 qui
633 3938 670 4003 in
692 3944 787 4025 parte
809 3945 869 4003 tua
883 3944 975 4016 sunt,
991 3937 1047 4004 vel
1064 3936 1216 4015 fuerunt,
1232 3944 1381 4021 tempore

322 4040 425 4128 hujus
441 4040 637 4108 discordiae.
