3292 4809
538 609 615 659 rim
636 608 938 659 nonsusrnorrm
958 609 1105 659 ermon.
1285 592 1350 659 139

295 780 331 845 in
346 779 412 846 hiis
426 800 486 865 pro
502 778 625 864 quibus
640 779 780 845 ecclesia
795 778 971 865 fidejussit.
1015 776 1103 845 Item
1114 786 1155 845 ut
1165 777 1351 846 satisfaciat

296 883 339 950 de
360 883 550 961 mobilibus,
571 883 716 969 injuriis,
737 882 890 968 dampnis
912 882 1017 947 illatis
1040 882 1249 969 Templariis‚
1266 882 1351 948 Hos·

295 988 420 1075 pitaliis
447 995 483 1054 et
507 988 583 1052 aliis
608 987 758 1072 personis
780 988 1024 1066 ecclesiasticis,
1046 988 1199 1053 terminis
1221 1010 1352 1074 compe-

296 1091 444 1159 tentibus
476 1091 519 1157 ab
550 1092 692 1157 ecclesia
724 1092 944 1180 assignandis.
1000 1092 1088 1158 Item
1124 1091 1217 1178 quod
1244 1114 1265 1157 a
1294 1092 1349 1159 die

295 1197 516 1263 absolutionis
532 1217 639 1282 usque
656 1196 699 1261 ad
714 1205 789 1262 octo
807 1219 939 1263 manses
961 1205 1080 1263 caveat
1102 1197 1240 1267 ecclesie
1262 1197 1351 1264 bona

295 1301 361 1369 fide
376 1324 436 1389 per
450 1300 664 1389 fidejussores
686 1299 826 1367 idoneos
848 1309 884 1367 et
905 1302 1043 1389 juratos,
1058 1303 1236 1389 principes,
1251 1304 1349 1370 comi·

294 1412 346 1473 tes
367 1413 402 1473 et
423 1405 564 1472 barones
587 1404 787 1483 rheumate,
803 1413 839 1472 et
861 1406 999 1472 comitas
1021 1412 1057 1472 et
1078 1406 1217 1473 barones
1240 1407 1351 1473 Theu-

295 1511 397 1589 tonie‚
410 1518 445 1576 et
460 1510 615 1576 comunia
630 1509 808 1575 civitatum
824 1509 1033 1588 Lombardia‚
1049 1511 1182 1590 Tuscia,
1198 1510 1350 1578 Marchie

295 1621 332 1682 et
353 1613 570 1702 Romagnola,
590 1621 626 1679 et
647 1613 841 1680 earumdem
862 1614 1110 1699 provinciarum
1132 1615 1350 1693 marchiones,

295 1719 435 1785 comites
465 1725 501 1784 et
529 1717 670 1784 barones
700 1740 786 1803 quos
816 1718 957 1784 ecclesia
986 1718 1183 1797 nominabit,
1210 1741 1277 1806 que
1307 1719 1351 1785 ad

295 1823 549 1910 requisitionem
564 1821 703 1888 ecclesie
719 1829 902 1888 teneantur
917 1824 1070 1889 assistere
1083 1823 1221 1889 ecclesie
1234 1831 1351 1889 contra

295 1928 404 2004 illum,
420 1926 526 1992 donec
547 1926 744 2002 satisfaciat,
760 1925 790 1990 si
812 1926 970 1992 mandata
993 1927 1133 1992 ecclesie
1152 1948 1221 1991 non
1242 1949 1352 1993 serva·

295 2033 392 2110 verit,
407 2030 464 2097 vel
478 2051 596 2117 pacem
610 2028 760 2117 fregerit,
775 2051 838 2095 seu
853 2038 977 2095 terram
999 2031 1139 2096 ecclesie
1155 2030 1212 2097 vel
1234 2053 1351 2097 eorum

294 2143 400 2202 terras
422 2156 507 2222 quas
529 2134 670 2200 ecclesia
692 2141 787 2200 tanet
809 2133 853 2198 ad
875 2156 994 2200 manus
1015 2155 1093 2200 suas
1116 2134 1172 2200 vel
1193 2157 1351 2220 personas

295 2261 411 2306 eorum
434 2240 562 2324 ceperit
591 2239 765 2324 occuparit
791 2240 848 2305 vel
877 2238 1071 2317 devastarit,
1099 2246 1135 2306 et
1163 2238 1253 2304 infra
1281 2247 1351 2305 tras

294 2365 425 2410 menses
440 2344 470 2409 si
491 2342 654 2409 fueritin
675 2364 789 2430 regno,
804 2344 835 2408 si
856 2344 893 2408 in
915 2343 1016 2408 Italia
1037 2342 1127 2408 infra
1149 2352 1306 2429 quatuor,
1321 2344 1350 2409 si

295 2456 409 2514 autem
423 2454 519 2514 extra
533 2447 669 2512 Italiam
683 2446 774 2512 infra
788 2449 940 2533 quinque
957 2469 996 2513 ea
1011 2469 1079 2513 non
1095 2447 1232 2513 duxerit
1242 2469 1352 2513 emen·

295 2551 424 2629 danda3
455 2559 490 2617 et
518 2573 620 2637 super
645 2551 708 2616 hoc
735 2550 868 2617 dabunt
890 2551 1030 2617 ecclesia
1052 2559 1161 2617 cartas
1187 2573 1265 2617 suas
1288 2573 1350 2618 suo

294 2658 408 2746 sigillo
422 2656 579 2721 munitas.
621 2656 837 2743 Injungimus
853 2677 988 2742 quoque
1004 2657 1036 2721 ei
1051 2655 1143 2743 quod
1156 2655 1246 2721 infra
1256 2658 1352 2742 quin-

295 2760 404 2826 decim
415 2760 486 2826 dies
498 2767 629 2825 certum
640 2761 801 2825 nuntium
812 2761 929 2825 mittat
940 2759 983 2824 ad
995 2761 1133 2838 curiam,
1143 2761 1204 2846 qui
1212 2761 1352 2846 recipiat

294 2866 430 2930 nomina
444 2865 581 2929 illorum
596 2885 742 2950 quorum
763 2863 1014 2949 fidejussionem
1033 2866 1184 2950 requiret
1198 2864 1349 2930 ecclesia

295 2968 369 3035 Hec
395 2976 509 3034 autem
538 2968 651 3033 omnia
680 2966 874 3053 supradicta
903 2968 1100 3034 mandamus
1130 2969 1173 3047 ci,
1195 2968 1349 3043 omnibus

295 3072 507 3139 cautionibus
521 3073 558 3136 in
572 3093 634 3137 sua
648 3072 846 3159 integritate
861 3071 1075 3138 manentibus
1098 3072 1180 3137 olim
1200 3074 1350 3159 prestitis

293 3199 355 3264 pro
366 3178 504 3266 negotio
521 3176 624 3242 Terre
636 3183 761 3253 sancte,
774 3183 815 3240 ut
825 3197 885 3260 pro
897 3177 957 3241 illo
968 3176 1154 3242 satisfaciat
1163 3176 1350 3242 secundum

294 3281 388 3368 quod
416 3281 557 3348 ecclesia
585 3279 764 3347 ordinabit.
810 3278 846 3344 Si
876 3280 960 3366 quid
984 3289 1097 3347 autem
1123 3301 1143 3346 a
1168 3281 1265 3347 nobis
1290 3304 1351 3367 par

295 3386 550 3473 occupationem
573 3383 630 3452 vel
660 3385 826 3450 incuriam
855 3391 908 3450 cst
937 3386 1097 3450 omissum
1126 3384 1168 3451 de
1194 3385 1350 3472 hiisque

294 3490 451 3556 mandare
466 3489 654 3567 debuimus,
669 3487 805 3554 domino
828 3487 920 3574 Papa
941 3488 1163 3556 reservetur.'’
1208 3490 1267 3555 Ad
1287 3491 1350 3557 heo

294 3596 571 3681 protestationem
608 3592 779 3680 quandam
814 3592 970 3658 fecerunt
1005 3593 1041 3658 in
1074 3593 1166 3661 hunc
1202 3595 1347 3663 modum

295 3698 556 3766 “Protestamur
586 3697 680 3785 quod
709 3696 865 3763 dominus
895 3696 988 3783 Papa
1017 3698 1095 3764 vult
1123 3699 1187 3766 sibi
1215 3702 1350 3767 restitui

294 3827 457 3894 expensas
480 3828 564 3894 quas
587 3813 683 3872 extra
705 3825 848 3891 mgnum
870 3810 986 3870 coacta
1008 3810 1060 3869 est
1081 3804 1222 3870 ecclesia
1239 3804 1350 3873 facem

293 3932 354 3997 pro
385 3910 622 3977 ecclesiasitica
651 3908 807 3975 libertate
837 3929 876 3974 ac
905 3908 994 3974 beati
1024 3907 1118 3974 Petri
1150 3911 1351 3995 patrimonio

294 4012 565 4081 conservandis.”
609 4012 977 4078 Excommunicationis
992 4034 1128 4098 quoque
1147 4014 1351 4095 sententiam
