3292 4809
315 600 380 666 114
537 614 669 664 smncr
693 613 901 662 unnrmvnn
922 613 1151 663 nocurmurs.

315 784 445 851 duobus
466 783 631 849 similibus
656 782 897 868 capitularibus
926 790 977 848 cst
1004 804 1200 870 expressum
1231 807 1376 869 quorum

314 909 422 952 unum
437 909 540 973 penes
554 908 615 951 nos
630 893 742 951 vestro
765 885 877 972 sigillo
901 907 1002 952 aureo
1026 888 1199 951 munitum
1222 888 1374 969 habetur,

314 992 456 1058 firmiter
469 991 704 1077 promittentes
725 989 818 1075 quod
842 990 921 1075 quia
944 1012 1079 1076 presens
1104 993 1252 1076 presenti
1275 992 1376 1060 debet

314 1095 501 1161 hominium
516 1095 684 1173 exhibere,
701 1093 983 1180 quandocumque
1001 1118 1060 1161 vos
1084 1104 1145 1162 aut
1167 1119 1374 1165 successores

315 1188 420 1267 vestri
434 1223 496 1267 nos
511 1202 548 1265 in
565 1201 714 1287 aliquam
735 1207 865 1284 partem
887 1201 984 1287 regni
1008 1222 1111 1286 quam
1134 1223 1250 1268 secure
1273 1203 1376 1287 possi·

189 1348 192 1355 ·
314 1326 389 1370 mus
404 1305 496 1370 adire
512 1304 556 1369 ad
570 1312 717 1371 vestram
730 1305 931 1391 presentiam
948 1308 1159 1384 vocaveritis),
1176 1305 1373 1373 accedemus

314 1408 435 1496 ligium
451 1409 646 1497 homagium
661 1410 844 1495 prestituri,
860 1410 926 1473 nisi
942 1417 1073 1474 certum
1095 1410 1373 1495 impedimentum

314 1520 375 1578 aut
389 1512 529 1579 evidens
550 1515 730 1579 necessitas
751 1513 992 1590 intervenerit;
1018 1513 1139 1599 quibus
1164 1515 1373 1580 cessantibus

313 1618 487 1682 veniemus
505 1618 576 1683 sine
599 1617 718 1683 fraude
741 1616 785 1683 ad
806 1618 928 1705 ligium
951 1618 1145 1706 homagium
1169 1617 1372 1684 faciendum.

314 1719 463 1786 Gensum
488 1743 569 1787 vcro
593 1730 830 1788 sexcentorum
853 1722 1078 1807 squifatorum
1110 1721 1152 1788 de
1180 1722 1307 1807 Apulia
1337 1730 1374 1788 et

314 1823 480 1903 Calabria,
499 1824 826 1914 quadringentorum
848 1848 928 1892 vero
951 1826 993 1892 de
1017 1827 1142 1891 Mcrsia
1158 1826 1214 1892 vel
1236 1828 1374 1911 equiva-

313 1928 386 1994 lens
401 1930 438 1993 in
456 1951 539 1994 auro
553 1929 610 1995 vel
632 1938 772 2017 argento
795 1952 856 1996 nos
879 1938 915 1996 et
936 1929 1074 1996 heredes
1097 1931 1204 1995 nostri
1220 1930 1314 1996 vobis
1337 1938 1373 1997 et

313 2033 561 2099 successoribus
591 2035 712 2100 vestris
742 2035 840 2099 annis
870 2035 1012 2121 singulis
1043 2034 1282 2120 persolvemus,
1305 2035 1372 2099 nisi

313 2134 402 2201 forte
417 2135 558 2222 aliquod
571 2138 852 2224 impedimentum
866 2139 1108 2215 intervenerit3
1133 2160 1201 2224 quo
1220 2147 1371 2204 cessante

314 2261 433 2306 census
449 2263 492 2306 ex
507 2243 641 2329 integro
656 2243 877 2327 persolvetur.
916 2242 1109 2308 Electiones
1125 2250 1239 2307 autem
1256 2263 1373 2307 secun·

314 2342 396 2409 dum
411 2344 526 2411 Deum
540 2368 600 2431 per
615 2351 726 2410 totum
741 2367 885 2433 regnum
900 2347 1062 2411 canonice
1078 2346 1172 2424 fiant,
1190 2345 1231 2411 de
1246 2345 1372 2411 talibus

314 2447 453 2533 quidem
464 2450 613 2534 personis
629 2449 752 2534 quibus
767 2470 829 2514 nos
844 2456 880 2515 ct
894 2449 1034 2515 heredes
1050 2450 1156 2514 nostri
1171 2450 1372 2535 requisitum

314 2551 445 2617 anobis
459 2552 596 2636 prebere
612 2552 792 2618 debeamus
808 2574 990 2619 assensum.
1038 2553 1112 2619 Hec
1128 2560 1243 2619 autem
1260 2554 1373 2617 omnia

314 2655 404 2721 sicut
420 2655 527 2734 nobis,
542 2657 590 2722 sic
614 2657 715 2722 etiam
737 2656 917 2723 heredibus
939 2659 1063 2723 nostris
1087 2658 1148 2743 qui
1169 2658 1206 2721 in
1227 2678 1371 2743 regnum

314 2761 537 2826 successerint
551 2762 774 2839 concessistis,
790 2761 918 2847 quique
940 2762 1030 2827 sicut
1051 2783 1112 2826 nos
1128 2761 1223 2827 vobis
1245 2769 1280 2826 et
1301 2781 1373 2826 suc·

315 2863 499 2929 sessoribus
515 2865 635 2931 vestris
651 2886 689 2930 ac
705 2864 856 2931 Ecclesie
873 2866 1023 2931 Romane
1041 2864 1240 2931 fidelitatem
1262 2864 1372 2930 facere

315 2989 424 3053 queve
439 2970 625 3054 prescripta
639 2974 721 3033 sunt
735 2968 881 3034 fideliter
896 2970 1069 3035 voluerint
1091 2969 1276 3035 observare.
1323 2967 1374 3033 Ut

315 3079 429 3137 autem
445 3094 510 3158 que
526 3094 628 3159 supra
643 3072 791 3138 diximus
806 3080 877 3138 tam
891 3080 1003 3139 vestro
1020 3095 1122 3159 quarn
1141 3093 1373 3138 successorum

313 3183 505 3241 vestrorum
526 3183 676 3263 tempore
700 3183 897 3262 perpetuam
921 3177 1096 3243 obtineant
1118 3176 1321 3253 firmitatem,
1337 3181 1374 3241 et

316 3300 378 3345 nec
393 3281 517 3346 nostris
533 3301 594 3345 nec
609 3280 771 3346 heredum
786 3285 988 3346 nostrorum'
999 3280 1206 3367 temporibus
1228 3279 1373 3365 alicujus

317 3384 453 3449 valeant
464 3385 691 3469 presumtione
708 3384 845 3462 turbari,
858 3406 994 3471 presens
1010 3384 1226 3471 privilegium
1238 3405 1298 3468 per
1308 3403 1375 3446 ma

317 3509 381 3553 nus
393 3487 625 3554 Bonihominis
641 3487 683 3554 de
701 3488 823 3555 Gaieta
838 3490 962 3554 notarii
978 3496 1012 3554 ct
1027 3488 1136 3554 fidelis
1152 3488 1258 3553 nostri
1272 3485 1374 3551 scribi

318 3599 353 3657 et
363 3591 457 3657 bulla
468 3613 569 3658 aurea
585 3594 716 3679 typario
732 3600 846 3658 nostre
862 3593 1046 3679 majestatis
1059 3593 1219 3677 impressa
1230 3589 1376 3677 precepi·
1483 3653 1486 3658 .

318 3720 393 3765 mus
409 3699 619 3777 communiri,
635 3720 734 3776 anno,
750 3720 863 3764 mense
880 3704 916 3763 et
930 3697 1114 3762 indictione
1131 3694 1337 3780 subscriptis.

362 3803 490 3869 Datum
516 3804 552 3869 in
575 3804 712 3870 civitate
736 3802 902 3880 Messene,
925 3821 1015 3867 anno
1038 3800 1202 3865 dominice
1225 3799 1377 3863 incarna-

319 3908 420 3974 tionis
436 3907 485 3973 M.
503 3906 572 3973 00.
589 3907 652 3985 XI,
668 3928 781 3973 mense
797 3905 968 3984 februarii,
983 3903 1168 3970 indictione
1185 3901 1266 3979 XV,
1278 3902 1377 3989 regni

323 4011 446 4099 [nostri
461 4011 568 4099 anno]
587 4011 688 4078 xlv,
