3292 4809
530 615 607 662 rure
628 613 933 664 noususreuruu
954 614 1101 662 Psaros.
1278 594 1342 659 115

458 870 533 933 THE
560 870 705 934 GOLDEN
732 871 830 932 BUH·
858 871 902 933 OF
928 870 1024 932 EGEB
1056 870 1173 951 (1213).

652 1037 976 1100 memmnm]

333 1186 375 1251 In
390 1187 523 1253 nomine
539 1194 673 1252 sanctae
688 1193 724 1251 et
743 1185 938 1251 individuae
963 1185 1150 1249 Trinitatis.
1195 1182 1345 1249 Frederi-

290 1307 349 1357 cus
364 1290 531 1356 secundus
547 1290 663 1356 divina
677 1289 813 1355 favente
831 1290 1010 1354 clementia
1034 1290 1261 1353 Romanorum
1283 1309 1343 1352 rex
1435 1353 1439 1362 ,

289 1417 420 1481 semper
449 1402 624 1482 augustus,
651 1402 687 1460 et
710 1416 769 1460 rex
800 1393 957 1480 Syciliae.
1004 1394 1161 1480 Regnum
1190 1399 1344 1457 nostrum

289 1508 371 1565 tunc
393 1499 536 1564 stabiliri
559 1499 725 1565 credimus
748 1506 783 1564 et
798 1497 1008 1576 confidimus,
1024 1519 1102 1562 cum
1118 1497 1343 1575 Altissimum,

290 1603 331 1669 de
362 1604 458 1690 cujus
488 1625 590 1667 manu
620 1625 660 1669 ea
687 1624 773 1688 quae
799 1602 1007 1688 possidemus
1033 1602 1121 1667 bona
1146 1602 1343 1687 recepimus,

289 1707 501 1773 honoramus.
539 1707 650 1772 Tanto
667 1708 757 1773 enim
773 1706 918 1771 Domino
934 1708 994 1792 qui
1008 1706 1097 1771 bona
1108 1706 1228 1771 tribuit
1238 1705 1343 1782 nobis,

290 1811 333 1877 ad
358 1811 543 1877 offerendas
568 1811 694 1876 hostias
718 1811 826 1896 operis
849 1818 884 1876 et
906 1810 1094 1876 devotionis
1117 1811 1343 1897 astringimur,

291 1922 419 2001 quanto
446 1917 557 2001 ipsum
581 1914 828 1980 misericordem
849 1915 886 1978 in
908 1914 1004 1979 nobis
1027 1921 1063 1979 et
1084 1914 1267 1978 mirabilem
1289 1935 1345 1978 ex-

291 2021 447 2105 perimur.
503 2018 754 2107 Cognoscentes
781 2020 888 2105 igitur
909 2019 1053 2106 gratiam
1079 2039 1165 2104 quae
1193 2017 1271 2081 data
1293 2024 1345 2082 est

291 2124 386 2189 nobis
412 2123 454 2189 ab
475 2124 559 2209 ipsc,
581 2122 742 2189 habentes
766 2144 901 2208 quoque
924 2144 983 2208 pre
1007 2124 1113 2187 oculis
1136 2123 1287 2186 inmensa
1309 2129 1345 2187 et

291 2228 467 2293 innumera
491 2226 652 2292 beneficia
681 2233 806 2301 vestra,
822 2225 995 2291 karissime
1027 2225 1161 2291 domine
1190 2233 1227 2291 et
1255 2246 1346 2290 reve-

291 2332 478 2397 rentissime
495 2338 601 2416 pater,
616 2337 785 2416 protector
801 2337 837 2394 et
855 2329 1050 2396 benefactor
1071 2337 1186 2395 noster
1208 2328 1344 2395 domine

292 2433 480 2512 Innocenti,
503 2435 569 2500 Dei
594 2436 702 2523 gratia
727 2456 857 2499 summe
887 2433 1042 2520 pontifex
1068 2432 1270 2509 venerande,
1285 2456 1346 2519 per

292 2539 389 2625 cujus
404 2538 600 2605 benefitium
615 2560 748 2624 operam
764 2545 799 2603 et
814 2538 959 2603 tutelam
974 2539 1048 2602 aliti
1062 2559 1179 2603 sumus
1201 2539 1345 2623 protecti

292 2644 417 2728 pariter
438 2664 477 2708 ae
499 2643 654 2728 promoti,
670 2648 849 2727 postquam
867 2643 903 2706 in
919 2641 1183 2707 sollicitudinem
1198 2648 1346 2707 vestram

292 2754 398 2811 mater
412 2753 528 2811 nostra
542 2745 651 2811 felicis
666 2747 846 2811 memoriae
863 2744 1062 2811 Constantia
1083 2746 1279 2831 imperatrix
1302 2767 1345 2811 ex

292 2851 364 2936 ipso
380 2851 477 2936 quasi
495 2857 590 2915 utero
612 2871 674 2915 nos
696 2850 845 2936 jactarit,
862 2849 967 2929 vobis,
979 2849 1167 2915 beatissime
1189 2858 1295 2935 pater,
1311 2857 1347 2915 et

293 2954 446 3019 omnibus
469 2954 642 3019 catholicis
665 2953 911 3019 successoribus
933 2954 1064 3030 vestris,
1079 2960 1260 3038 sancteque
1284 2954 1347 3018 Ro

292 3080 389 3124 mane
412 3058 572 3123 ecclesiae
594 3059 727 3143 spetiali
749 3058 849 3122 matri
872 3063 1017 3134 nostrae,
1040 3079 1173 3122 omnem
1196 3057 1349 3123 obedien-

292 3163 385 3240 tiam,
401 3161 689 3227 honorificentiam
704 3168 806 3246 atque
830 3162 1064 3238 reverentiam,
1079 3183 1211 3246 semper
1225 3161 1347 3226 humili

293 3266 402 3343 corde,
415 3287 453 3332 ac
466 3266 589 3332 devoto
601 3266 723 3351 spiritu
732 3265 974 3351 impendemus,
985 3287 1087 3349 quam
1098 3264 1348 3351 predecessores

293 3371 399 3435 nostri
413 3391 509 3458 reges
525 3377 560 3435 et
573 3371 791 3455 imperatores
807 3369 976 3446 catholici,
992 3370 1113 3434 vestris
1131 3371 1349 3435 antecessori-

293 3475 355 3540 bus
367 3474 569 3560 impendisse
580 3481 776 3551 noscuntur,
789 3474 896 3539 nichil
911 3496 954 3539 ex
965 3473 1018 3537 his
1028 3475 1180 3539 volentes
1193 3474 1347 3553 diminui,

293 3586 345 3644 set
353 3578 459 3666 magis
470 3578 597 3665 augeri,
606 3586 647 3643 ut
655 3585 770 3643 nostra
782 3576 918 3644 devotio
928 3579 1035 3665 magis
1044 3579 1217 3643 enitescat.
1244 3578 1348 3643 Illum

293 3682 400 3769 igitur
414 3683 557 3749 abusum
571 3684 723 3749 volentes
740 3682 882 3761 abolere,
899 3705 1001 3768 quem
1015 3682 1187 3748 interdum
1210 3682 1348 3768 quidam

294 3788 568 3873 predecessorum
583 3795 774 3853 nostrorum
796 3788 986 3853 exercuisse
1005 3787 1236 3865 dinoscuntur,
1252 3795 1287 3852 et
1302 3787 1350 3851 di-

294 3901 429 3969 cuntur,
441 3893 478 3957 in
489 3893 711 3958 electionibus
727 3893 942 3977 prelatorum,
955 3892 1169 3957 concedimus
1181 3898 1216 3956 et
1225 3892 1350 3956 sancci-

295 4018 380 4075 mus,
396 4004 438 4062 ut
455 3997 635 4062 electiones
657 3997 864 4082 prelatorum
884 3996 988 4061 libere
1011 3996 1104 4074 fiant,
1121 4002 1156 4060 et
1178 3996 1347 4073 canonice,
