3292 4809
291 567 334 633 46
510 582 643 633 euenor
668 581 875 633 imnrnvnn
899 582 1129 633 nocunnnrs.

291 772 378 838 quae
408 750 451 818 de
476 757 511 817 tc
536 751 677 839 vulgata
700 750 898 817 scandalum
923 751 1083 817 ecclesiae
1108 751 1256 838 pariunt,
1278 773 1348 818 non

291 855 511 933 dissimulare,
537 855 598 922 sed
624 863 753 921 remoto
779 876 800 920 a
827 855 962 941 publica
988 856 1191 922 conscientia
1220 864 1256 922 ct
1283 857 1348 923 hoc

291 960 460 1046 scrupulo,
484 960 708 1025 universalem
735 966 806 1025 tam
834 959 993 1026 ecclesiae
1016 981 1119 1046 quam
1141 961 1239 1049 regni
1261 967 1350 1026 tran·

292 1064 498 1151 quillitatem
513 1085 573 1151 per
591 1070 685 1131 tuam
698 1066 899 1151 sapientiam
913 1064 1064 1130 stabiliri.

619 1256 663 1342 b)
687 1253 846 1320 Edictum
857 1254 1017 1339 generale.

337 1392 382 1461 H.
399 1394 465 1461 Dei
486 1396 596 1483 gratia
617 1416 687 1473 rex,
710 1394 978 1479 archiepiscopis,
994 1392 1168 1479 episcopie,
1187 1393 1350 1460 marchio·

294 1499 404 1579 nibus,
424 1501 615 1579 comitibus,
636 1507 671 1564 et
684 1499 916 1585 cujuscunque
929 1497 1104 1586 dignitatis
1116 1496 1347 1576 ordini,b0nac

294 1625 375 1670 suae
389 1604 576 1671 voluntatis
591 1604 771 1692 gloriosam
782 1603 1024 1692 dignationem.
1057 1600 1348 1687 Quiamansuetu·

295 1708 368 1774 dini
383 1716 516 1775 nostrae
535 1716 651 1774 contra
665 1707 779 1774 sedem
794 1708 1012 1793 apostolicam
1032 1707 1173 1794 ejusque
1188 1727 1349 1774 veneran-

295 1813 377 1879 dum
391 1814 579 1900 praesulem
595 1814 757 1879 domnum
774 1813 976 1901 Gregorium
990 1833 1110 1899 papam
1121 1809 1163 1877 ab
1178 1810 1348 1897 aliquibus

293 1918 491 2004 subreptum
513 1939 584 1985 esse
606 1918 758 1985 fidelium
780 1926 974 1984 nostrorum
994 1916 1212 2004 suggestione
1234 1936 1348 2003 recog·

292 2023 459 2101 novimus,
469 2022 598 2109 placuit
606 2021 701 2088 nobis
710 2023 854 2108 priorem
862 2022 1065 2088 sententiam
1074 2019 1199 2087 salubri
1208 2019 1348 2086 consilio

293 2134 434 2204 mutare,
450 2134 486 2193 et
507 2149 598 2193 more
621 2134 870 2193 antecessorum
885 2126 1205 2213 progenitorumque
1221 2130 1348 2189 nostro

293 2253 370 2297 rum
379 2230 488 2298 eidem
498 2238 728 2297 sacrosanctae
743 2229 817 2296 sedi
829 2230 935 2315 etqui
947 2230 1139 2314 eipraeesse
1149 2227 1346 2307 dinoscitur,

294 2334 417 2401 domno
434 2335 596 2422 Gregorio
611 2355 725 2420 papae,
741 2355 801 2419 per
816 2334 928 2399 omnia
948 2331 1096 2399 debitam
1117 2353 1251 2399 servare
1275 2330 1350 2398 obc-

216 2527 218 2531 4
294 2438 467 2518 dieutiam‚
483 2445 518 2504 et
539 2440 569 2505 si
592 2437 677 2524 quid
697 2439 735 2502 in
756 2459 835 2504 eum
858 2437 995 2524 gravius
1017 2443 1270 2523 praesumptum
1285 2442 1348 2514 est,

294 2544 499 2629 competenti
525 2541 753 2608 satisfactione
784 2562 983 2627 conponere.
1027 2540 1196 2606 Volumus
1222 2546 1350 2618 autem,-

290 2654 330 2712 ut
342 2654 378 2712 et
386 2668 447 2713 vos
463 2648 655 2713 serenitatis
667 2654 801 2711 nostrae
813 2646 967 2731 exemplo
977 2647 1163 2725 ammoniti,
1173 2644 1349 2709 solennem

294 2749 393 2815 beato
408 2748 510 2816 Petro
527 2750 666 2835 ejusque
682 2750 806 2815 vicario
821 2747 1086 2814 satisfactionem
1099 2747 1256 2815 exhibere
1279 2768 1349 2813 non

295 2853 467 2932 dubitetis,
482 2855 727 2939 etquicunque
743 2853 815 2940 ejus
835 2852 946 2918 banno
968 2874 1005 2917 se
1027 2851 1205 2918 adstrictos
1227 2852 1350 2917 intelli·

295 2964 393 3046 gunt,
408 2956 537 3043 abipso
553 2956 713 3024 videlicet
728 2956 851 3023 domno
866 2976 953 3043 papa
976 2954 1141 3045 Gregorio
1163 2954 1350 3022 solenniter

295 3060 423 3129 absolvi
437 3060 619 3129 elaborent.

747 3224 886 3256 —oc—

604 3499 607 3504 ἡ
739 3408 913 3473 OAROSSA„

398 3573 441 3661 a)
464 3571 632 3656 Lcttercf
654 3570 802 3657 crepory
826 3570 904 3638 VH.
920 3579 951 3636 u>
972 3570 1119 3639 German
1132 3570 1261 3638 Nellos.

588 3738 680 3801 [aare
696 3739 753 3787 Bib.
763 3740 822 3823 Iter,
834 3739 903 3796 Gor,
914 3740 947 3786 11.
958 3740 1003 3786 256
1012 3737 1062 3799 sq]

340 3879 526 3969 Gregorius
556 3879 730 3965 episcopus
760 3899 875 3942 servus
904 3899 1078 3943 servorum
1104 3876 1170 3944 Dei
1195 3874 1351 3943 omnibus

295 3985 563 4073 archiepiscopis,
592 3983 765 4069 episcopis,
795 3981 947 4058 ducibus,
978 3980 1166 4059 comitibus,
1199 3980 1353 4048 caeteris·
