3292 4809
397 604 534 661 rnnrou
556 611 603 660 or
624 606 700 659 rna
720 561 965 675 nauricorum
986 606 1191 661 1111111616.
1276 587 1322 661 61·

266 777 313 844 Et
335 778 426 864 quod
449 779 621 864 pollicitus
644 780 811 858 es-oui,
828 781 930 846 etiam
951 801 1021 845 non
1042 779 1253 865 promittens,
1276 801 1319 846 ex

264 881 338 967 jure
361 882 614 948 christianitatis
637 883 996 970 debes—adimplere,
1018 868 1096 950 cum
1117 884 1318 969 promiserit,

265 1005 333 1050 non
355 988 500 1053 ulterius
523 987 672 1061 differas.
720 986 799 1051 Non
822 986 912 1051 enim
934 987 1071 1070 ignoras
1094 988 1223 1069 quanta
1245 1002 1320 1067 per·

265 1088 413 1155 turbatio
437 1095 554 1154 contra
578 1110 651 1154 eam
674 1110 734 1174 per
754 1086 955 1153 Heinricum
978 1087 1108 1152 dictum
1133 1109 1247 1173 regem
1272 1085 1319 1151 sit

266 1201 358 1271 orta3
381 1201 615 1280 quantumque
639 1200 709 1271 tuo,
726 1194 785 1279 qui
807 1215 889 1259 suus
911 1214 946 1259 es
968 1192 1070 1270 filius,
1085 1191 1213 1257 auxilio
1234 1190 1320 1255 indi-

264 1305 354 1385 geat.
399 1296 476 1387 Age
495 1319 585 1385 ergo,
606 1305 656 1376 ut,
679 1304 848 1384 quantum
871 1296 989 1364 studet
1011 1297 1103 1362 filius
1126 1295 1318 1382 iniquitatis

265 1401 444 1480 adversari,
459 1423 529 1467 non
544 1403 656 1468 minus
671 1401 792 1468 debeat
807 1401 849 1468 de
864 1408 944 1469 tuae
966 1400 1155 1468 devotionis
1177 1399 1320 1485 opitula-

264 1506 357 1572 tione
373 1512 481 1572 mater
495 1506 637 1572 ecclesia
654 1506 831 1594 gratulari.

310 1609 549 1700 Dubitavimus
559 1610 614 1675 hic
623 1611 774 1698 sigillum
783 1610 980 1696 plumbeum
988 1629 1185 1695 ponerane,
1194 1607 1223 1674 si
1232 1606 1320 1672 illud
1422 1600 1425 1607 ’

265 1712 393 1780 inimici
408 1721 575 1800 caperent,
592 1713 634 1780 de
649 1736 689 1780 eo
704 1713 890 1781 falsitatem
904 1715 1053 1801 aliquam
1067 1712 1229 1779 facerent.

718 1927 857 1956 ss

451 2096 582 2159 uersu
608 2097 643 2160 V.
670 2098 749 2160 llll)
776 2097 947 2160 Passum
973 2096 1014 2159 11.
1042 2098 1159 2180 (1111).

266 2259 309 2344 a)
333 2258 399 2324 rae
414 2259 581 2345 Privilepe
598 2260 637 2342 of
646 2259 722 2325 Feb.
738 2259 791 2338 12,
807 2244 904 2324 1111.
941 2258 1179 2346 (Priailepium
1188 2256 1321 2345 primae

672 2365 917 2449 conventionis.)

623 2516 972 2578 [maraunuassa]

312 2642 496 2729 P(aschal)
523 2644 699 2730 episcopus
723 2666 841 2711 servus
864 2665 1038 2710 servorum
1064 2642 1140 2709 Dei.
1186 2641 1322 2708 Dilecto

267 2746 337 2812 filio
353 2746 514 2813 Heinrico
530 2748 670 2833 ejusque
685 2748 943 2826 suecessoribus,
961 2749 997 2812 in
1019 2753 1231 2833 perpetuum.
1276 2745 1323 2813 Et

268 2850 381 2916 divine
396 2851 481 2937 legis
496 2852 710 2917 institutione
725 2853 913 2917 sanccitum
924 2858 985 2929 est,
998 2858 1034 2917 et
1043 2850 1180 2916 sacratis
1191 2851 1324 2914 canoni-

268 2952 330 3038 bus
345 2954 574 3033 interdiotum,
584 2976 627 3021 ne
639 2955 828 3021 sacerdotes
841 2957 928 3021 curis
941 2953 1146 3021 secularibus
1162 2975 1324 3038 occupen-

268 3065 335 3136 tur,
358 3080 444 3124 neve
469 3057 512 3123 ad
538 3060 747 3137 comitatum,
769 3060 836 3124 nisi
859 3081 920 3145 pro
942 3060 1131 3144 dampnatis
1154 3056 1321 3135 eruendis,

268 3170 329 3227 aut
342 3184 402 3248 pro
418 3162 492 3228 aliis
508 3165 568 3249 qui
588 3164 747 3250 injuriam
761 3164 939 3250 patiuntur
953 3162 1126 3229 accedant.
1172 3161 1272 3227 Unde
1288 3168 1323 3227 et

269 3267 440 3351 apostolus
456 3267 603 3333 Paulus:
627 3266 798 3333 Secularia
813 3267 950 3353 judicia,
962 3266 1094 3353 inquid,
1105 3267 1134 3332 si
1150 3265 1321 3342 abueritis,

269 3370 538 3455 contemptibiles
554 3373 614 3456 qui
634 3378 715 3436 sunt
736 3372 772 3435 in
795 3370 946 3449 ecclesia,
961 3372 1037 3436 illos
1060 3370 1257 3436 constituite
1280 3368 1324 3440 ad

268 3472 498 3558 judicandum.
543 3474 584 3538 In
607 3475 703 3561 regni
726 3482 841 3541 autem
861 3475 966 3541 vestri
988 3475 1150 3561 partibus,
1166 3473 1322 3559 episcopi,

269 3575 325 3642 vel
340 3576 474 3643 abbates
490 3577 573 3643 adeo
595 3580 684 3643 curis
707 3578 914 3645 secularibus
936 3585 1155 3664 occupantur,
1170 3584 1212 3642 ut
1227 3576 1325 3641 comi·

269 3685 381 3745 tatum
396 3681 547 3747 assiduae
563 3680 779 3768 frequentare
803 3690 839 3749 ct
861 3684 1016 3748 militiam
1036 3703 1191 3756 exercere
1207 3701 1326 3768 cogan-

269 3790 335 3848 tur.
382 3784 457 3865 Que
473 3786 632 3850 nimirum
647 3795 707 3853 aut
721 3789 780 3854 vix
796 3795 857 3853 aut
871 3786 1077 3864 nullomodo,
1093 3787 1165 3852 sine
1188 3783 1323 3870 rapinis,
1355 3845 1357 3848 ,

269 3889 462 3975 sacrilegiis,
478 3890 653 3969 incendiis,
670 3892 882 3958 exhibentur.
927 3892 1076 3956 Ministri
1092 3890 1182 3955 enim
1197 3888 1325 3965 altaris,

269 3993 416 4058 ministri
436 3995 529 4060 curie
552 3993 636 4060 facti
658 4004 757 4074 sunt;
784 3998 865 4083 quia
887 3996 1052 4075 civitates,
1071 3995 1225 4072 ducatus,
1243 4013 1327 4058 mar·
