3292 4809
296 566 338 632 92
515 580 649 632 enarer
670 580 877 631 nnnrmvnn
898 581 1128 631 6666116616.

293 751 435 840 gandae,
462 758 590 818 1616616
618 750 708 816 66161
737 751 881 817 66661611
910 751 1045 838 judicio,
1070 758 1287 830 vocaverunt,
1314 759 1351 818 et

295 855 389 942 quod
410 853 584 921 Rolandus
608 854 825 921 cancellarius
849 862 884 920 et
903 856 957 920 sui
972 854 1157 921 cardinales
1172 856 1251 921 viva
1265 877 1349 923 voce

294 967 330 1025 61
347 980 403 1025 616
425 960 570 1046 proprio,
585 957 750 1044 judicium
765 957 821 1024 vel
843 980 984 1024 examen
1006 958 1147 1045 aliquod
1168 961 1349 1026 aecclesiae

294 1086 330 1130 se
353 1065 444 1130 66116
467 1065 624 1150 recipere,
647 1062 823 1128 manifeste
847 1062 1019 1129 dixerunt.
1065 1062 1223 1129 Vidimus
1245 1064 1349 1130 etiam

294 1169 419 1255 scripta
446 1167 601 1233 Heinrici
624 1167 738 1232 Pisani
761 1166 940 1232 cardinalis
962 1166 1006 1232 ad
1027 1166 1190 1232 domnum
1211 1168 1351 1252 impera·

294 1280 401 1338 torem
426 1272 563 1350 directa,
589 1273 625 1337 in
652 1271 775 1359 quibus
802 1293 959 1357 expresse
985 1270 1231 1349 continebatur,
1255 1268 1349 1357 quod

294 1377 429 1441 nullum
447 1378 576 1443 vellent
597 1378 778 1444 aecclesiae
800 1374 914 1442 subire
935 1376 1099 1462 judicium
1118 1378 1174 1442 vel
1196 1398 1348 1442 examen.

295 1478 404 1566 Super
427 1481 511 1546 haec
536 1482 648 1546 omnia
673 1479 764 1546 idem
789 1481 971 1546 Heinricus
997 1486 1033 1547 61
1060 1479 1145 1546 0116
1170 1481 1348 1547 cardinalis

294 1583 411 1651 Sancti
432 1584 575 1671 Nycolai
598 1584 639 1650 de
664 1583 806 1650 (1616616
831 1584 1002 1661 Tulliano,
1018 1586 1078 1671 qui
1099 1592 1249 1671 tempore
1272 1607 1350 1652 con·

294 1688 363 1755 cilii
393 1695 429 1755 61
458 1696 536 1755 6616
567 1696 650 1775 aput
680 1689 828 1754 Januam
856 1688 1081 1767 morabantur,
1112 1697 1148 1755 et
1177 1689 1348 1756 Johannes

294 1792 496 1881 Anagninus
526 1792 702 1859 cardinalis
734 1800 770 1859 61
804 1792 826 1857 J
828 1792 976 1858 ohannes
1014 1791 1176 1859 Piozutus
1212 1801 1348 1861 sanctae

294 1896 464 1963 Romanae
474 1896 654 1963 aecclesiae
665 1883 872 1973 subdiaconi,
883 1896 942 1981 qui
952 1904 1034 1963 tunc
1044 1904 1127 1982 aput
1138 1897 1348 1964 Placentiam

294 2008 400 2078 erant,
415 2022 476 2088 1161
495 2002 515 2066 8
539 2000 610 2067 dies
632 2021 653 2065 a
675 2001 818 2067 concilio
840 2007 913 2066 toto
935 2008 1018 2066 sunt
1039 2002 1210 2086 expectati
1232 2007 1267 2067 et
1288 2024 1348 2087 per

292 2105 423 2171 litteras
439 2126 478 2171 66
493 2106 635 2171 6666166
651 2104 784 2170 concilii
799 2112 882 2169 sunt
892 2106 1014 2182 vocati,
1025 2112 1061 2171 et
1074 2112 1348 2190 contempserunt

293 2210 417 2276 venire.
463 2209 517 2274 Ex
539 2209 592 2274 his
614 2209 720 2296 igitur
735 2208 887 2273 omnibus
909 2207 1115 2275 sufficienter
1137 2210 1297 2274 instructi
1312 2217 1349 2275 et

293 2314 437 2380 veritate
451 2313 532 2379 hinc
553 2311 633 2378 inde
653 2312 802 2397 plenarie
826 2311 1005 2389 declarata,
1020 2313 1149 2398 placuit
1162 2312 1348 2379 reverendo

293 2417 446 2495 concilio,
462 2424 502 2482 ut
517 2417 639 2481 6166116
655 2414 769 2479 domni
785 2414 945 2493 Victoris,
962 2416 1022 2501 qui
1044 2424 1217 2502 tamquam
1239 2438 1348 2505 agnus

293 2528 489 2599 mansuetus
504 2527 540 2586 61
561 2520 722 2584 innocens
744 2526 883 2584 venerat
904 2519 1084 2586 6666166166
1106 2518 1272 2606 judicium
1288 2520 1349 2586 hu-

178 2678 180 2682 .
293 2626 419 2691 militer
443 2631 672 2709 suscepturus,
697 2622 936 2708 approbaretur
962 2630 998 2690 et
1023 2624 1284 2702 confirmaretur,
1312 2631 1349 2690 et

293 2729 414 2795 electio
431 2727 576 2793 Rolandi
590 2727 726 2812 penitus
749 2734 947 2792 cassaretur.
992 2727 1039 2792 Et
1060 2727 1189 2793 factum
1213 2734 1266 2794 661
1287 2729 1347 2794 116.

293 2833 469 2898 Electione
492 2832 608 2916 itaqua
631 2830 747 2895 domni
765 2830 925 2908 Victoris,
941 2838 1069 2896 1661616
1092 2833 1183 2897 61661
1204 2833 1347 2897 66661611

278 2935 430 3023 judicio,
452 2936 561 3000 666611
588 2933 734 3020 Spiritus
760 2934 870 3022 gratia
896 2935 1061 3013 invocata,
1089 2936 1283 3000 confirmata
1312 2942 1348 3001 61

293 3047 436 3126 recepta,
449 3038 744 3114 christianissimus
759 3039 939 3123 imperator
953 3046 1031 3123 11661
1045 3060 1160 3104 616666
1175 3040 1347 3124 episcopos

293 3150 420 3230 etpost
435 3164 569 3209 omnem
584 3143 713 3209 clerum
728 3142 869 3207 ultimus
895 3143 1035 3207 consilio
1059 3150 1095 3208 et
1115 3144 1249 3229 petione
1272 3165 1349 3207 con-

293 3249 363 3315 cilii
379 3247 578 3313 electionem
589 3245 704 3311 domni
716 3246 868 3311 Victoris
879 3246 1007 3329 recepit
1020 3252 1055 3311 61
1066 3245 1277 3331 approbavit.
1301 3245 1349 3311 Et

292 3360 370 3439 post
392 3373 471 3417 eum
494 3372 610 3416 omnes
635 3350 804 3436 principes
831 3355 868 3415 et
891 3349 1146 3415 innumerabilis
1172 3349 1348 3414 hominum

292 3455 477 3521 multitudo
493 3476 580 3540 quaa
602 3474 738 3540 presens
761 3459 841 3531 erat,
857 3452 964 3518 tribus
980 3453 1108 3518 vicibus
1130 3453 1347 3540 interrogata,

215 3631 218 3638 ,
292 3561 322 3627 61
358 3561 406 3626 616
435 3559 594 3645 placeret,
624 3557 799 3643 respondit
829 3578 906 3622 cum
935 3556 1060 3643 gaudio
1090 3577 1213 3644 magna
1242 3579 1346 3622 voce:

294 3662 452 3730 ‘Placet’
499 3661 662 3748 Sequenti
677 3661 731 3727 die
747 3659 1348 3747 116116611166111116666111616116

294 3767 578 3856 quadragesimae,
594 3766 737 3832 domnus
753 3765 875 3830 Victor
889 3786 967 3829 cum
984 3765 1192 3849 processione
1214 3763 1256 3828 ab
1277 3784 1348 3829 aec·

293 3873 396 3941 alesia
418 3870 533 3938 Sancti
557 3869 740 3937 Salvatoris
763 3876 859 3935 extra
882 3869 1062 3945 civitatem,
1085 3868 1122 3931 in
1145 3888 1213 3952 qua
1233 3867 1348 3933 fuerat

293 3976 481 4064 hospicium
507 3975 590 4061 ejus,
616 3972 660 4040 ad
683 3973 883 4039 catholicam
909 3971 1102 4037 aecclesiam
1126 3970 1271 4059 gloriose
1293 3970 1349 4038 de·
