3292 4809
209 670 214 682 ι
293 583 358 650 104
506 602 640 651 suasor
662 600 875 652 Mnnrnvsn
896 601 1130 653 nocomnnrs.

337 769 390 834 25.
421 770 467 833 Et
486 769 631 835 dominis
651 792 738 856 papa
758 772 874 836 statim
896 770 1060 837 advocato
1081 770 1224 836 concilio
1245 772 1347 857 quale

293 872 407 938 subito
423 873 581 938 advocari
596 875 731 958 poterit,
745 897 821 939 cum
838 875 1066 940 cardinalibus
1081 875 1247 960 episcopis
1259 876 1349 941 aliis·

292 997 359 1058 que
375 977 542 1061 religiosis
554 978 637 1042 viris
649 979 709 1063 qui
720 977 950 1055 interfuerint,
963 979 1349 1045 excommunicationem

291 1083 421 1142 statuet
431 1078 467 1140 in
476 1098 590 1143 omnes
603 1078 662 1162 qui
673 1078 760 1142 hanc
772 1100 890 1163 pacem
899 1079 1084 1166 infringere
1096 1081 1347 1165 temptaverint.

292 1179 423 1245 Deinde
439 1182 475 1244 in
490 1181 637 1269 generali
652 1183 795 1251 concilio
811 1181 903 1247 idem
917 1182 1031 1249 faciet.

337 1284 388 1347 26.
419 1283 539 1350 Plures
556 1286 657 1351 etiam
673 1285 714 1350 de
736 1286 902 1351 nobilibus
925 1287 1083 1352 Romanis
1106 1294 1141 1352 et
1163 1288 1348 1374 capitaneis

293 1386 474 1473 Campanie
489 1389 575 1454 hanc
591 1389 732 1455 eandem
747 1411 864 1476 pacem
878 1391 1067 1476 juramento
1082 1391 1277 1457 firmabunt

337 1491 389 1557 27.
420 1492 606 1578 Imperator
621 1516 701 1560 vero
716 1494 902 1579 predictam
923 1517 1040 1580 pacem
1062 1496 1199 1561 ecclesie
1222 1496 1348 1583 etjam

292 1595 419 1661 dictam
447 1619 565 1683 pacem
591 1597 661 1663 XV
686 1619 852 1663 annorum
877 1599 1019 1664 illustris
1048 1600 1137 1686 regis
1168 1597 1281 1665 Sicilie
1311 1607 1349 1666 ot

292 1707 472 1785 treuquam
488 1701 752 1767 bombardorum
767 1724 787 1766 a
801 1703 964 1787 proximis
979 1703 1110 1768 scilicet
1122 1703 1197 1771 Kal.
1210 1705 1349 1791 augusti

292 1825 399 1889 usque
415 1805 458 1870 ad
474 1805 527 1871 VI
542 1827 647 1871 annos
663 1807 807 1872 firmabit
821 1808 1010 1894 juramento
1025 1829 1086 1872 suo
1101 1814 1138 1873 et
1156 1807 1349 1893 principum

292 1915 328 1974 et
351 1908 453 1975 faciet
479 1893 683 1976 bombardos
710 1912 770 1997 qui
796 1933 839 1977 ex
865 1919 961 1997 parte
985 1932 1047 1976 sua
1072 1918 1164 1989 sunt,
1190 1913 1281 1977 siout
1310 1913 1347 1976 in

292 2014 464 2079 communi
494 2016 618 2101 scripto
644 2023 787 2101 treuque
813 2014 1014 2102 dispositum
1037 2023 1072 2081 et
1095 2016 1255 2101 sc1iptum
1284 2023 1347 2094 est,

294 2116 446 2180 camdem
457 2124 634 2202 treuquam
647 2118 782 2182 firmari.
808 2119 845 2183 Si
854 2140 935 2184 vero
945 2120 1067 2205 aliquis
1079 2118 1185 2184 fuerit
1197 2141 1239 2184 ex
1251 2127 1348 2204 parte

292 2219 514 2305 imperatoris,
531 2222 590 2306 qui
604 2222 789 2307 predictam
804 2228 984 2306 treuquam
1005 2221 1115 2307 jurare
1130 2224 1347 2302 recusaverit,

292 2323 474 2410 imperator
488 2327 651 2412 precipiet
666 2326 831 2391 universis
848 2327 907 2412 qui
923 2333 1075 2411 exparte
1098 2347 1160 2392 sua
1181 2335 1262 2392 sunt
1283 2328 1349 2393 sub

293 2426 407 2493 debito
430 2428 602 2494 fidelitatis
629 2437 665 2495 et
686 2431 793 2517 gratie
819 2451 890 2508 sue,
913 2435 954 2494 ut
979 2431 1114 2494 nullum
1139 2436 1290 2516 prestent
1315 2432 1348 2497 ei

215 2554 218 2560 ·
293 2532 459 2596 auxilium
474 2540 510 2598 et
524 2533 715 2599 volentibus
731 2555 810 2598 eum
826 2532 995 2599 offendere
1013 2534 1050 2597 in
1070 2534 1165 2598 nullo
1181 2533 1348 2601 obsistant

293 2636 350 2701 vel
365 2635 605 2715 contradicant,
619 2645 654 2703 et
668 2638 697 2703 si
713 2638 789 2723 quis
805 2637 992 2715 offenderit,
1004 2659 1073 2703 non
1088 2645 1245 2703 teneatur
1256 2639 1348 2705 inde.

293 2738 493 2805 Mandatum
509 2749 623 2808 autem
637 2741 730 2808 istud
752 2764 821 2807 non
843 2742 1016 2809 revocabit
1033 2742 1189 2808 dominus
1210 2743 1350 2829 impera·

293 2850 360 2921 tor,
376 2843 482 2911 donec
497 2852 641 2931 treuqua
660 2844 803 2911 durabit.
849 2846 896 2912 Et
918 2846 1072 2912 dominus
1096 2846 1264 2912 Henricus
1286 2869 1347 2913 rex

293 2947 383 3013 fflius
399 2949 471 3035 ejus
486 2949 636 3035 predicta
650 2950 804 3028 firmabit,
820 2951 911 3016 sicut
925 2952 1050 3037 scripto
1066 2950 1266 3037 dispositum
1284 2960 1347 3017 est.

294 3052 460 3118 Dominus
483 3055 585 3119 etiam
608 3055 787 3140 imperator
803 3053 991 3140 predictam
1013 3050 1129 3141 paoem
1152 3054 1289 3121 ecclesie
1312 3064 1349 3121 et

292 3156 435 3222 illustris
457 3159 546 3244 regis
569 3157 683 3223 Sicilie
706 3180 813 3243 usque
837 3157 880 3223 ad
902 3158 974 3223 XV
988 3180 1093 3223 annos
1115 3166 1150 3225 et
1167 3166 1349 3244 treuquam

294 3259 559 3326 Lombardorum
581 3262 804 3328 corroborabit
825 3262 951 3348 scripto
972 3283 1034 3329 suo
1057 3284 1135 3328 oum
1156 3261 1349 3349 subscripti-

293 3387 356 3431 one
371 3387 433 3430 sua
448 3373 484 3432 et
497 3366 697 3452 principum.
769 3393 777 3404 ⁶

338 3470 390 3535 28.
421 3467 457 3534 Si
480 3491 570 3547 vero,
589 3469 682 3555 quod
705 3468 801 3546 absit,
825 3469 981 3536 dominus
1003 3493 1090 3556 papa
1111 3471 1345 3557 premoriatur,

294 3572 449 3639 dominus
464 3574 647 3659 imperator
662 3582 697 3640 et
712 3574 867 3639 dominus
891 3573 1061 3653 Henricus
1081 3596 1142 3640 rex
1162 3575 1253 3639 filius
1271 3576 1347 3661 ejus

293 3686 328 3744 et
342 3680 508 3764 principes
523 3680 609 3744 hano
625 3677 766 3744 formam
780 3679 872 3765 pacis
888 3686 924 3744 et
938 3678 1187 3763 compositionis
1206 3677 1348 3742 firmiter

294 3782 518 3849 observabunt
532 3781 779 3849 successoribus
791 3780 864 3847 'suis
880 3789 916 3848 et
929 3783 1095 3848 universis
1119 3780 1347 3847 cardinalibus

293 3894 328 3952 et
343 3888 407 3952 toti
427 3888 576 3954 Romane
596 3888 733 3954 ecclesie
756 3894 791 3953 et
812 3887 939 3951 illustri
961 3888 1032 3974 regi
1055 3885 1169 3951 Sicilie
1193 3893 1227 3951 et
1250 3883 1349 3949 Lom-

292 3990 403 4058 bardis
430 3999 465 4061 et
488 3993 608 4078 cebris
633 3992 693 4081 qui
716 4013 832 4057 secum
855 3991 1016 4057 sentiunt.
1062 3988 1234 4067 Similiter,
1254 3988 1348 4075 quod

506 4093 511 4122 l
