3292 4809
300 578 342 643 80
517 596 650 645 smnor
672 597 879 645 unnrmvar
904 597 1135 647 noomrunrs.

297 764 500 830 horrendum
517 772 552 830 et
572 765 759 831 execrabile
782 766 915 831 facinus
939 773 974 832 et
995 767 1163 853 piaculare
1185 764 1359 854 flagitium

297 874 447 954 tempore
463 876 577 935 nostro
593 870 816 947 commissum,
829 871 865 933 in
883 870 1077 935 Teutonicis
1089 870 1253 955 partibus,
1265 872 1359 937 sicut

297 971 472 1050 oredimus,
489 973 671 1057 aliquando
694 974 944 1059 intemptatum,
965 974 1184 1040 excellentiae
1206 982 1287 1041 tuae
1313 976 1360 1042 ad

297 1077 489 1141 memoriam
512 1084 718 1154 revocantes,
734 1097 795 1142 nec
818 1078 890 1143 sine
912 1077 1032 1165 grandi
1055 1078 1287 1144 ammiratione
1311 1079 1359 1146 fe·

296 1187 418 1258 rentes,
442 1180 535 1265 quod
560 1180 685 1265 absque
712 1180 815 1269 digna
841 1182 1020 1247 severitate
1047 1181 1216 1247 vindictae
1244 1204 1357 1268 usque

300 1305 388 1349 nunc
400 1285 543 1350 transire
554 1305 673 1369 passus
685 1284 731 1348 sis
743 1290 813 1347 tam
826 1284 1004 1367 perniciosi
1018 1284 1153 1349 sceleris
1172 1284 1357 1351 feritatem.

299 1384 456 1465 Qualiter
479 1387 568 1451 enim
583 1386 783 1452 venerabilis
798 1385 903 1451 frater
923 1394 1036 1453 noster
1058 1387 1098 1451 Ε.
1119 1387 1358 1456 Lundenensis
1380 1401 1382 1404 ’

296 1488 573 1575 archiepiscopus,
597 1489 679 1554 dum
700 1511 720 1554 a
742 1489 820 1555 sede
843 1491 1027 1576 apostolica
1048 1499 1259 1569 remearet,a
1283 1495 1358 1578 qui·

296 1592 437 1658 busdam
449 1594 561 1679 impiis
573 1601 608 1659 ct
618 1593 778 1671 scelestis,
788 1593 882 1679 quod
891 1594 963 1660 sine
975 1594 1097 1682 grandi
1108 1596 1211 1659 animi
1223 1617 1357 1663 merore

296 1717 365 1761 non
381 1697 533 1776 dicimus,
549 1700 586 1762 in
607 1698 759 1784 partibus
782 1699 851 1763 illis
867 1705 985 1783 captus
1000 1698 1105 1764 fuerit
1126 1706 1162 1764 11
1183 1698 1295 1765 adhuc
1319 1702 1358 1766 in

296 1801 451 1866 custodia
472 1809 636 1880 teneatur,
658 1802 805 1888 qualiter
827 1802 930 1867 etiam
951 1804 987 1866 in
1010 1803 1083 1888 ipsa
1105 1804 1261 1888 captione
1284 1826 1358 1889 pre-

281 1904 387 1992 dicta
413 1906 477 1973 viri
503 1906 696 1991 impietatis,
719 1928 834 1972 semen
860 1928 1015 1992 nequam,
1037 1906 1100 1969 filii
1125 1907 1292 1983 scelerati,
1317 1910 1356 1973 in

296 2031 373 2075 eum
389 2017 424 2076 et
439 2012 475 2075 in
490 2032 567 2077 suos
584 2010 770 2098 evaginatis
785 2010 906 2098 gladiis
922 2012 1089 2077 violenter
1106 2013 1296 2078 exarserint
1319 2020 1358 2079 et

295 2136 363 2192 eos,
390 2114 511 2180 ablatis
541 2114 706 2192 omnibus,
736 2136 839 2200 quam
864 2115 1012 2208 turpiter
1041 2122 1143 2202 atque
1172 2116 1356 2182 inhoneste

295 2219 524 2296 tractaverint,
546 2226 581 2284 et
603 2226 662 2283 tua
684 2219 894 2285 serenissima
915 2218 1079 2284 celsitudo
1102 2220 1288 2305 cognoscit,
1307 2229 1358 2286 at

296 2343 361 2406 quc
377 2322 421 2387 ad
435 2324 636 2411 longinquas
655 2332 690 2390 et
712 2324 950 2390 remotissimas
972 2325 1125 2411 regiones
1147 2321 1239 2388 fama
1261 2326 1355 2389 tanti

298 2426 434 2492 sceleris
449 2427 516 2514 jam
534 2430 699 2513 pervenit.
744 2427 803 2492 Ad
818 2429 914 2515 cujus
930 2429 1048 2513 utique
1064 2429 1355 2494 vehementissimi

295 2527 451 2596 facinoris
475 2531 647 2609 ultionem,
664 2533 754 2598 sicut
775 2534 803 2597 is
827 2534 883 2598 eui
904 2533 1147 2618 beneplacere,
1164 2532 1254 2596 mala
1270 2555 1355 2599 vero

295 2632 471 2718 displicere
501 2635 678 2714 eredimus,
702 2637 912 2702 constantius
943 2657 1106 2723 exurgere
1134 2634 1293 2711 debuisti,
1317 2645 1356 2703 et

294 2736 455 2825 gladium,
480 2740 539 2823 qui
565 2739 628 2805 tibi
654 2739 698 2804 ad
720 2740 905 2806 vindictam
927 2739 1190 2815 malefactorum,
1213 2739 1355 2805 laudem

294 2862 373 2907 vero
399 2842 562 2929 bonorum
588 2851 640 2910 est
666 2866 708 2909 cx
739 2842 855 2909 divina
884 2843 1073 2929 provisione
1104 2862 1288 2918 concessas,
1315 2845 1356 2908 in

294 2946 459 3011 cervicem
475 2945 625 3012 desevire
641 2948 792 3033 oportuit
806 2948 985 3032 impiorum
1002 2952 1037 3011 11
1058 2946 1254 3033 gravissime
1278 2967 1356 3011 con-

294 3055 400 3114 terere
416 3058 674 3136 presumptores.
714 3052 769 3115 Tu
781 3072 861 3116 vero
877 3051 921 3114 ad
935 3052 1045 3136 ipsum
1060 3052 1109 3114 ita
1121 3048 1354 3115 dissimulasse

295 3151 424 3230 diceris,
440 3154 599 3219 seviciam
616 3155 816 3242 neglexisse,
833 3154 926 3239 quod
942 3153 1076 3218 eosdem
1091 3173 1158 3216 non
1174 3159 1226 3216 est
1246 3174 1354 3236 quare

293 3256 445 3341 peniteat
460 3258 663 3325 commisisse
679 3266 821 3333 reatum,
838 3257 919 3341 quia
938 3256 1008 3342 [se]
1034 3256 1261 3339 inpunitatem
1285 3276 1357 3322 sac·

293 3360 403 3446 rilegii
416 3359 508 3444 quod
518 3369 695 3447 gesserunt
706 3361 774 3448 jam
785 3361 852 3447 jam
865 3360 1019 3424 sentiunt
1030 3358 1205 3423 invenisse.
1242 3356 1355 3445 Cujus

294 3462 430 3548 quidem
447 3462 722 3530 dissimulationis
739 3471 774 3529 et
796 3462 1033 3549 neglegentiae
1056 3481 1191 3526 eausam
1213 3463 1356 3545 penitus

293 3568 497 3655 ignoramus,
513 3570 672 3653 quoniam
691 3589 751 3632 nos
773 3568 809 3631 in
833 3566 946 3649 aliquo
968 3564 1158 3629 serenitatis
1181 3570 1260 3629 tuae
1283 3566 1357 3651 glo-

293 3672 377 3737 riam
392 3670 583 3750 offendisse,
599 3671 822 3738 conscientiae
838 3668 1017 3752 scrupulus
1033 3673 1184 3732 nostrum
1200 3668 1356 3734 animum

293 3797 362 3842 non
377 3784 522 3854 accusat,
534 3776 593 3842 sed
609 3795 783 3862 pomonam
799 3780 892 3838 tuam
904 3771 993 3835 sicut
1001 3769 1169 3834 karissimi
1181 3777 1216 3835 et
1227 3774 1357 3856 specia

293 3880 335 3946 lis
350 3880 413 3945 filii
428 3881 535 3946 nostri
552 3888 587 3946 ct
602 3879 763 3965 principis
779 3874 1057 3950 christianissimi,
1074 3894 1176 3957 quem
1199 3874 1236 3936 in
1259 3896 1358 3960 apos-

293 3985 414 4052 tolicae
430 3984 649 4052 confessionis
659 3989 755 4069 petra
766 4000 834 4044 non
846 3975 1046 4063 ambigimus
1059 3996 1119 4060 per
1130 3974 1195 4040 Dei
1206 3978 1356 4063 gratiam
