3292 4809
542 635 620 684 ran
640 634 945 684 nonansraurnn
966 633 1113 682 aaaron.
1315 612 1357 679 87

677 873 720 956 u
745 870 827 936 aaa
843 870 980 957 1111

348 1018 538 1085 Fridericus
554 1017 620 1084 Dei
637 1018 747 1105 gratia
769 1017 997 1083 Romanorum
1017 1015 1199 1103 imperator
1220 1020 1256 1081 et
1276 1035 1358 1081 sem·

304 1146 364 1211 per
379 1130 544 1211 augustus
559 1123 725 1189 universis
740 1129 855 1187 nostro
874 1120 1035 1208 subjectis
1056 1118 1207 1206 imperio.
1252 1116 1359 1205 Impe-

304 1228 421 1294 rialem
443 1228 541 1295 decet
568 1227 755 1293 sollertiam
778 1226 827 1292 ita
849 1226 898 1291 rei
923 1225 1078 1311 publicae
1103 1244 1219 1290 curam
1240 1244 1357 1313 gerere

304 1338 340 1399 et
360 1332 586 1418 subjectorum
609 1330 781 1397 commoda
803 1329 1019 1416 investigare,
1042 1336 1083 1394 ut
1106 1326 1202 1416 regni
1228 1326 1358 1393 utilitas

303 1438 498 1522 incorrupta
511 1442 716 1522 permaneat,
732 1441 767 1501 et
781 1433 994 1522 singulorum
1015 1439 1125 1499 status
1147 1432 1274 1520 jugiter
1294 1451 1359 1498 ser·

304 1548 405 1607 vetur
433 1541 580 1605 illaesus.
637 1538 861 1624 Quapropter,
892 1536 974 1602 dum
1007 1557 1050 1603 ex
1084 1533 1359 1622 predecessorum

305 1664 395 1711 more
417 1643 603 1711 universali
625 1645 737 1709 curiae
760 1642 943 1708 Roncaliae
965 1662 1025 1728 pro
1048 1638 1210 1707 tribunali
1231 1636 1360 1705 sedere·

304 1771 390 1828 mus,
409 1772 429 1816 a
449 1748 657 1835 principibus
680 1748 819 1825 Italicis,
843 1753 914 1812 tam
934 1743 1119 1811 rectoribus
1141 1742 1357 1811 ecclesiarum

306 1876 408 1940 quam
423 1855 498 1919 aliis
513 1852 668 1919 fidelibus
683 1852 789 1939 regni,
800 1872 871 1917 non
885 1850 1032 1916 modicas
1044 1848 1233 1934 accepimus
1245 1869 1360 1934 quere·

304 1959 364 2033 las,
380 1957 474 2044 quod
488 1957 649 2023 beneficia
671 1978 787 2022 eorum
809 1963 846 2021 et
866 1954 979 2030 feuda,
996 1975 1083 2040 quae
1105 1951 1225 2019 vasalli
1247 1950 1290 2018 ab
1311 1954 1359 2019 cis

307 2060 477 2136 tenebant,
489 2063 561 2126 sine
582 2062 795 2127 dominorum
815 2062 954 2126 licentia
971 2058 1108 2145 pignori
1131 2054 1361 2145 obligaverant

306 2166 342 2225 et
364 2161 509 2247 quadam
531 2164 715 2230 collusione
738 2164 875 2229 nomine
897 2162 1004 2229 libelli
1018 2161 1254 2240 vendiderant,
1269 2161 1360 2229 unde

306 2263 419 2330 debita
432 2267 570 2333 servitia
585 2268 784 2334 amittebant
795 2274 831 2334 et
840 2267 1003 2333 honorem
1016 2266 1148 2353 imperii
1158 2274 1360 2354 nostraeque

305 2367 414 2435 ielicis
429 2370 654 2456 expeditionis
672 2371 959 2459 complementum
981 2371 1188 2437 minuebant.
1234 2370 1361 2439 Habito

304 2472 411 2559 igitur
425 2475 563 2540 consilio
579 2476 819 2561 cpiscoporum,
832 2475 968 2553 ducum,
978 2475 1208 2541 marchionum
1219 2476 1363 2542 etcomi·

304 2583 390 2655 tum,
405 2578 507 2643 simul
522 2579 624 2645 etiam
644 2580 873 2665 palatinorum
893 2579 1047 2666 judicum
1068 2585 1105 2646 et
1125 2580 1268 2645 aliorum
1289 2603 1362 2667 pro

305 2702 430 2760 oerum,
448 2680 510 2748 hac
526 2683 664 2750 edictali
678 2686 764 2770 lege,
778 2684 852 2748 Deo
864 2683 1012 2767 propitio
1027 2690 1191 2767 perpetuo
1203 2684 1361 2761 valitura,

305 2786 504 2863 sanccimus,
528 2792 569 2850 nt
591 2786 680 2849 nulli
709 2785 811 2851 liceat
840 2784 982 2851 ieudum
1011 2793 1123 2851 totum
1146 2786 1202 2853 vel
1231 2795 1362 2874 partem

305 2889 455 2975 aliquam
470 2888 614 2955 vendere
626 2888 681 2955 vel
697 2890 873 2977 pignorare
888 2891 944 2956 vel
955 2891 1207 2977 quomodolibet
1216 2894 1360 2958 alienare

306 2993 362 3060 vel
376 3015 436 3078 pro
451 2994 562 3057 anima
576 2992 726 3078 judicare
741 2994 814 3060 sine
837 2995 1055 3078 permissione
1078 2997 1212 3082 majoris
1234 2996 1362 3061 domini

305 3096 350 3162 ad
363 3118 465 3183 quem
479 3095 621 3163 ieudum
642 3103 793 3183 spectare
816 3097 1014 3164 dinoscitur.
1060 3098 1160 3165 Unde
1182 3101 1363 3186 imperator

306 3201 485 3267 Lotharius
511 3208 646 3267 tantum
667 3203 704 3266 in
726 3201 844 3268 futuro
868 3224 998 3282 cavens,
1021 3224 1065 3269 ne
1088 3203 1195 3282 fieret,
1217 3205 1362 3291 promul.

306 3306 419 3393 gavit3
441 3326 503 3372 nos
518 3304 563 3371 ad
584 3306 768 3391 pleniorem
791 3314 905 3372 autem
927 3307 1024 3395 regni
1046 3307 1232 3373 utilitatem
1254 3309 1362 3394 provi·

306 3409 435 3487 dentes,
458 3429 526 3474 non
548 3410 658 3475 solum
683 3410 719 3474 in
746 3417 928 3495 posterum,
950 3409 1012 3476 sed
1037 3412 1140 3477 etiam
1166 3411 1361 3498 hujusmodi

306 3514 395 3600 prias
409 3512 545 3578 illicitas
560 3513 780 3579 alienationes
795 3522 1004 3599 perpetratas
1019 3514 1082 3581 hac
1100 3516 1247 3601 presenti
1269 3537 1361 3581 sanc·

306 3618 402 3683 cione
424 3639 591 3683 cassamus
614 3624 649 3683 et
670 3619 706 3682 in
727 3618 863 3683 irritum
884 3617 1104 3696 deducimus3
1127 3621 1257 3685 nullius
1280 3626 1360 3685 tem-

306 3723 397 3809 poris
420 3722 659 3808 prescriptione
685 3723 902 3808 impediente,
925 3731 1057 3810 emptor
1082 3722 1188 3789 bonae
1215 3723 1293 3789 fidei
1318 3723 1361 3789 de

307 3828 419 3913 precio
433 3828 599 3893 actionem
613 3826 735 3893 habeat
749 3835 867 3893 contra
881 3826 1094 3893 venditorem
1103 3836 1359 3914 competentem.

308 3930 447 3997 Callidis
461 3933 599 4017 insuper
614 3930 837 4017 quorumdam
851 3930 1155 3997 machinationibus
1174 3931 1359 4010 obviantes,

306 4035 368 4122 qui
382 4036 495 4125 precio
517 4042 654 4125 accepto
677 4036 774 4123 quasi
795 4033 859 4101 snb
880 4036 990 4101 colore
1012 4035 1243 4114 investiturae,
1259 4056 1365 4122 quam
