3292 4809
539 641 615 690 run
636 641 939 691 nonnusrnurnn
960 641 1108 691 rnaron.
1311 625 1353 693 79

295 808 386 885 serit,
409 807 563 875 dominus
592 830 679 894 papa
708 808 842 894 juribus
867 808 959 874 beati
985 810 1081 875 Petri
1106 830 1185 875 eum
1211 808 1350 894 rejicere

295 912 436 978 curabit.

338 1004 414 1083 Hac
430 1017 541 1081 omnia
557 1038 600 1083 cx
614 1023 758 1102 utraque
773 1024 868 1103 parte
883 1017 955 1083 sine
972 1014 1091 1083 fraude
1107 1023 1143 1082 et
1156 1016 1245 1081 malo
1260 1016 1354 1104 inge

295 1120 351 1185 nio
366 1120 601 1199 servabuntur,
616 1122 682 1187 nisi
700 1121 788 1187 forte
809 1120 915 1187 libero
938 1128 974 1188 et
995 1122 1165 1186 communi
1188 1143 1352 1188 consensu

295 1225 472 1309 utriusque
490 1225 724 1291 immutentur.
770 1224 888 1291 Testes
911 1232 1034 1303 autem,
1051 1246 1195 1311 quorum
1217 1226 1353 1290 nomina

293 1327 482 1414 subscripta
504 1328 674 1406 videntur,
690 1328 866 1395 Arnoldus
890 1328 1100 1395 Coloniensis
1122 1328 1354 1414 Archicpisoo-

294 1454 368 1517 pus,
399 1432 617 1499 Hermannus
652 1431 920 1499 constantiensis
950 1433 1137 1518 episeopus,
1168 1432 1352 1499 Anselmns

295 1535 557 1624 Avelbergensis
587 1537 774 1622 episcopus,
802 1536 943 1602 Ardioio
974 1536 1146 1602 Cumanus
1176 1537 1352 1622 episcopus

297 1639 545 1727 (Adalgottus)
577 1640 751 1706 Curiensis
789 1641 975 1726 episcopus,
1006 1639 1198 1706 Wilbaldus
1234 1639 1353 1705 Stabu-

294 1743 396 1809 lensis
423 1743 547 1822 Abbas,
575 1743 737 1810 Albertus
765 1743 976 1811 Coloniensis
1003 1743 1160 1821 decanus,
1186 1743 1352 1831 Magister

290 1846 466 1914 ¹Henrious
489 1850 651 1926 notarius,
669 1848 885 1914 Gottifredus
901 1849 1122 1915 Viterbiensie
1146 1847 1352 1933 Capellanns
1407 1849 1409 1856 '

294 1952 383 2038 regis
392 1975 401 2028 3
424 1973 468 2018 ex
483 1952 578 2018 laicis
598 1974 734 2039 quoquc
751 1952 897 2038 Welpho
912 1952 993 2030 dux,
1010 1952 1163 2018 Marohio
1188 1952 1352 2017 Herman-

295 2075 359 2121 nus
388 2054 430 2121 de
460 2056 589 2134 Baden,
613 2055 734 2122 Comes
757 2056 895 2123 Ulrieus
926 2055 967 2121 de
999 2055 1207 2133 hemburch,
1231 2054 1352 2122 Comes

296 2157 481 2225 Wernerus
519 2160 560 2226 de
599 2161 805 2239 Lensburch,
844 2160 1028 2227 Anselmns
1066 2158 1277 2226 Camerarius
1316 2166 1353 2226 et

295 2262 522 2329 ministerialis
552 2266 652 2353 regis.

339 2367 483 2455 Signum
512 2367 641 2434 domini
677 2367 848 2436 Frederici
884 2368 1113 2434 Romanorum
1142 2368 1352 2456 imperatoris

339 2575 413 2662 Ego
429 2576 604 2641 Arnoldus
619 2576 849 2643 cancellarius
864 2576 1057 2664 recognovi.

339 2679 469 2745 Datum
495 2680 696 2748 Constantia
718 2681 764 2746 X.
787 2680 865 2745 Kal.
889 2680 1028 2766 Aprilis,
1052 2680 1244 2747 indictione
1267 2681 1349 2747 XV.

295 2803 384 2847 anno
407 2782 573 2848 dominice
596 2783 835 2849 incarnationis
859 2782 1007 2849 MCLII.
1030 2791 1193 2871 regnante
1217 2784 1353 2849 domino

296 2885 476 2952 Frederico
498 2886 728 2952 Romanorum
750 2909 829 2976 rege
851 2888 1007 2976 glorioso,
1027 2909 1116 2954 anno
1138 2909 1219 2956 vero
1241 2889 1353 2977 Regni

295 3011 369 3076 ejus
383 3011 503 3076 primo.

754 3122 893 3151 -οοο-

483 3292 558 3355 THE
584 3292 726 3356 lrrffl
753 3293 798 3356 OF
820 3293 1013 3373 Basileon
1044 3298 1161 3380 (1157).

333 3440 475 3503 mnsam
485 3443 544 3491 aas.
556 3444 625 3491 rrae.
637 3444 709 3503 unp,
721 3445 767 3492 111.
801 3445 1145 3509 (nuwnurnscrrptoru
1154 3448 1318 3511 neaman.

578 3574 621 3657 a)
647 3572 758 3640 lietter
773 3574 811 3657 of
828 3574 988 3642 Hadrian
1001 3574 1068 3643 IV.

340 3710 368 3779 9.
401 3711 574 3779 Adrianus
595 3713 915 3801 episcopusservus
937 3739 1112 3784 servorum
1134 3719 1211 3797 Dei,
1226 3718 1351 3786 dilecto

294 3816 364 3881 filio
387 3816 568 3896 Friderioo,
584 3818 713 3885 illustri
736 3820 965 3886 Romanorum
987 3823 1192 3909 imperatori,
1207 3824 1352 3890 salutem

296 3927 331 3986 et
354 3922 573 4006 apostolicam
598 3922 877 3990 benedictionem.
922 3925 1159 4012 Imperatoriae
1185 3929 1352 4015 majestati

293 4028 410 4111 paucis
434 4029 607 4095 retroactis
634 4028 751 4096 dicbus
777 4032 957 4099 recolimus
979 4054 1040 4099 nos
1062 4033 1241 4122 scripsisse,
1264 4035 1353 4100 illud
