3292 4809
345 598 388 661 84
562 612 695 659 11111101
721 610 929 659 imnrmvnn
954 610 1183 659 noouunnrs.

344 783 456 847 omnia
482 782 528 847 eis
552 779 759 868 dignitatum
782 801 920 844 suarum
941 779 1016 865 jura
1038 801 1234 846 conservare
1257 780 1406 847 intendi·

344 907 429 962 mus‚
441 885 696 950 universitatem
712 891 859 949 vestram
874 904 976 967 super
991 890 1087 948 tanta
1102 884 1289 972 ignominia
1303 885 1403 952 nobis

344 997 380 1056 et
401 990 540 1075 imperio
566 987 745 1054 condolere
772 1009 939 1073 rogamus,
962 995 1147 1073 sperantes,
1169 1010 1213 1054 ne
1238 988 1403 1057 honorem

343 1094 485 1179 imperii,
509 1093 568 1179 qui
594 1114 615 1158 a
640 1093 882 1158 constitutione
909 1090 1010 1157 Urbis
1037 1099 1074 1157 et
1098 1092 1299 1160 christianae
1325 1097 1403 1162 reli-

343 1198 452 1285 gionis
464 1197 679 1261 institutione
695 1195 739 1261 ad
754 1203 866 1262 vestra
881 1217 989 1281 usque
1005 1202 1157 1281 tempora
1176 1198 1342 1285 gloriosus
1366 1208 1403 1267 et

343 1302 543 1367 imminutus
566 1301 691 1380 extitit,
707 1299 787 1365 fidei
809 1307 940 1366 vestrae
963 1299 1110 1366 indivisa
1131 1301 1307 1369 sinceritas
1329 1311 1402 1370 tam

343 1405 496 1470 inaudita
517 1405 680 1483 novitate,
703 1411 775 1469 tam
796 1410 1054 1489 presumptuosa
1075 1405 1222 1471 elatione
1244 1407 1402 1474 imminui

343 1510 504 1596 paciatur,
519 1510 638 1586 sciens,
657 1510 749 1573 omni
771 1507 991 1595 ambiguitate
1013 1517 1152 1588 remota,
1169 1511 1261 1596 quod
1282 1513 1401 1579 mortis

342 1614 531 1699 periculum
553 1620 632 1678 ante
654 1612 820 1678 vellemus
842 1612 1023 1690 incurrere,
1048 1634 1150 1697 quam
1172 1615 1297 1707 nostris
1319 1622 1403 1681 tem·

343 1718 479 1803 poribus
495 1724 610 1782 tantae
627 1716 833 1782 confusionis
849 1715 1063 1801 obprobrium
1078 1718 1253 1784 sustinere.

343 1904 382 1988 c)
407 1901 520 1967 Latter
541 1903 579 1984 of
595 1902 754 1968 Hadrian
776 1902 804 1966 I
806 1900 853 1980 V,
870 1902 1059 1989 explaining
1082 1902 1132 1967 bis
1154 1925 1211 1968 use
1235 1904 1400 1987 ‹afterm

316 2031 322 2044 ’
388 2032 439 2096 23.
471 2032 525 2097 Ex
540 2054 609 2117 quo
631 2032 832 2097 universalis
855 2033 1033 2097 aecclesiae
1057 2054 1181 2111 euram,
1198 2033 1282 2112 Deo,
1297 2042 1402 2120 prout

342 2137 407 2222 ipsi
421 2136 560 2222 placuit,
577 2135 787 2222 disponente,
803 2136 1022 2220 suscepimus,
1038 2137 1087 2201 ita
1101 2138 1138 2201 in
1153 2139 1284 2203 cunctis
1300 2160 1402 2227 nego

342 2241 400 2306 tiis
415 2240 700 2327 magnificentiam
715 2246 809 2304 tuam
825 2240 987 2305 honorare
1002 2242 1203 2319 curavimus
1220 2249 1261 2306 ut
1278 2242 1320 2308 de
1343 2244 1400 2312 die

342 2345 380 2410 in
395 2344 484 2410 diem
499 2345 631 2409 animus
646 2351 726 2409 tuus
742 2344 850 2431 magis
865 2364 904 2409 ac
920 2345 1026 2431 magis
1041 2345 1078 2408 in
1093 2366 1204 2411 amore
1224 2354 1341 2413 nostro
1364 2356 1402 2416 et

343 2449 557 2514 veneratione
572 2448 661 2512 sedis
684 2448 887 2533 apostolieae
910 2445 1082 2513 debuisset
1102 2449 1251 2515 accendi.
1297 2450 1400 2520 Unde

343 2554 414 2617 sine
429 2551 551 2639 grandi
567 2553 797 2617 ammiratione
812 2573 882 2617 non
896 2551 1046 2629 ierimus,
1063 2553 1156 2639 quod
1178 2576 1265 2631 cum,
1282 2556 1401 2623 audito

344 2678 386 2721 ex
402 2656 619 2743 suggestione
642 2656 854 2741 quorundam
870 2657 1020 2721 animum
1035 2666 1134 2721 tuum
1147 2658 1401 2743 aliquantulum

344 2767 461 2825 contra
475 2781 537 2825 nos
553 2758 658 2825 fuisse
674 2768 890 2837 commotum,
906 2760 991 2824 duos
1012 2759 1053 2825 de
1074 2762 1269 2828 melioribus
1284 2770 1321 2829 et
1335 2786 1402 2830 ma·

343 2864 468 2950 joribus
482 2863 645 2929 fratribus
659 2865 794 2940 nostris,
809 2864 1002 2928 Rolandum
1015 2865 1146 2931 scilicet
1161 2868 1401 2933 cancellarium

343 2969 437 3033 tituli
453 2966 567 3033 Sancti
583 2966 690 3033 Marci
706 2975 742 3033 et
757 2967 994 3033 Bernhardum
1009 2969 1104 3033 tituli
1120 2967 1235 3036 Sancti
1248 2970 1402 3038 Clemen-

343 3073 387 3137 tis
402 3072 603 3158 presbiteros
619 3071 817 3148 cardinales,
834 3072 894 3158 qui
908 3094 968 3157 pro
983 3080 1062 3139 tuae
1078 3074 1262 3158 majestatis
1273 3076 1400 3144 honore

343 3176 380 3240 in
409 3176 560 3240 Romana
589 3175 757 3241 aecclesia.
777 3176 915 3240 solliciti
951 3198 1083 3262 semper
1112 3179 1307 3257 extiterant,
1338 3202 1401 3266 pro

344 3280 529 3346 voluntatis
555 3286 634 3344 tuae
657 3280 851 3366 cognitione
873 3278 918 3343 ad
939 3286 1034 3344 tuam
1055 3283 1260 3366 presentiam
1282 3282 1403 3350 direxi·

344 3405 429 3461 mus‚
452 3384 551 3448 aliter
580 3404 682 3468 quam
707 3383 915 3469 imperialem
939 3383 1090 3450 decuerit
1112 3384 1401 3453 hononfioentiam

345 3495 427 3552 sunt
464 3488 610 3552 tractati.
657 3486 842 3552 Occasione
878 3487 1047 3572 siquidem
1084 3489 1260 3575 cujusdam
1297 3491 1401 3575 verbi,

345 3592 437 3677 quod
463 3598 515 3657 est
537 3590 779 3668 ‘beneficium’
803 3597 884 3655 tuus
911 3592 1053 3669 animus,
1076 3594 1167 3658 siout
1191 3593 1326 3673 dicitur,
1350 3604 1403 3661 est

346 3703 542 3773 commotus,
558 3693 651 3779 quod
666 3696 785 3779 utique
800 3694 927 3759 nedum
943 3696 1031 3761 tanti
1045 3697 1120 3774 viri,
1135 3697 1196 3763 sed
1209 3720 1272 3764 nec
1293 3699 1404 3785 cujus·

344 3799 429 3865 libet
443 3800 581 3864 minoris
597 3799 747 3863 animum
762 3799 883 3863 merito
903 3801 1147 3866 commovisset.
1193 3801 1290 3867 Licet
1312 3805 1403 3869 enim

345 3904 408 3968 hoc
423 3924 555 3979 nomen,
571 3902 664 3988 quod
679 3910 730 3968 est
742 3912 750 3941 ‘
763 3901 985 3980 beneficium,'
1001 3904 1092 3990 apud
1102 3904 1269 3989 'quosdam
1285 3907 1322 3971 in
1337 3908 1404 3973 alia

346 4006 602 4095 significatione,
626 4027 728 4092 quam
752 4028 794 4072 ex
820 4007 1025 4093 inpositione
1047 4007 1177 4088 habeat,
1200 4018 1403 4091 assumatur,
