3292 4809
294 593 359 660 142
516 611 649 660 sunnon
670 612 878 661 uunrmvar.
899 612 1130 662 nocunmars.

293 782 404 846 lorum
419 780 514 846 Petri
532 787 568 846 et
585 780 684 845 Pauli
706 788 743 847 et
764 788 879 847 nostra
901 780 1117 848 Fredericum
1138 780 1270 848 dictum
1290 782 1352 849 im·

294 892 491 971 peratorem,
521 906 582 970 pro
611 906 651 951 eo
681 884 774 971 quod
803 892 920 952 contra
948 885 1135 951 Romanam
1163 886 1352 953 Ecclesiam

293 987 495 1055 seditionem
510 989 617 1054 movit
631 989 667 1053 in
684 989 786 1067 Urbe,
801 1011 863 1076 per
876 988 970 1075 quod
989 989 1139 1056 intendit
1155 992 1351 1076 pontificem

294 1101 329 1160 et
344 1092 463 1159 fratres
482 1114 502 1158 a
521 1113 584 1157 sua
606 1091 691 1160 Sede
714 1094 888 1179 repellere,
903 1100 1022 1159 contra
1042 1094 1221 1181 privilegia
1243 1093 1352 1183 digni-

293 1199 374 1264 tatis
404 1203 440 1262 et
468 1195 604 1262 honoris
638 1196 836 1283 Apostolice
870 1194 977 1276 Sedis,
1007 1206 1125 1264 contra
1158 1197 1351 1266 libertatem

294 1302 563 1379 ecclesiasticam,
579 1308 696 1366 contra
709 1301 938 1388 juramentum
959 1323 1029 1388 quo
1049 1323 1153 1388 super
1173 1301 1236 1369 hoc
1257 1310 1352 1371 tene·

293 1413 351 1471 tur
365 1405 516 1472 Ecclesie
539 1414 665 1472 temere
685 1405 864 1473 veniendo.
909 1405 998 1472 Item
1019 1409 1351 1476 excommunicamus

294 1517 329 1576 et
343 1509 664 1576 anathematizamus
687 1510 853 1589 eumdem,
869 1532 930 1597 pro
952 1533 992 1578 eo
1014 1510 1108 1598 quod
1124 1512 1350 1579 venerabilem

293 1613 433 1680 fratrem
463 1622 618 1681 nostrum
647 1613 886 1681 Prenestiuum
917 1616 1121 1702 episcopum,
1150 1614 1349 1703 Apostolice

294 1717 390 1785 Sedis
404 1720 565 1807 legatum,
580 1740 623 1785 ne
644 1719 680 1783 in
698 1740 760 1784 sua
777 1719 946 1807 legatione
968 1720 1166 1807 procederet
1188 1743 1291 1808 quam
1312 1723 1350 1787 in

294 1823 531 1911 Albigensium
545 1822 697 1908 partibus
712 1845 773 1908 pro
794 1824 1062 1891 corroboratione
1084 1825 1247 1892 catholice
1270 1826 1349 1893 fidei

293 1926 357 1992 sibi
386 1928 622 2005 commisimus,
652 1949 713 2013 per
742 1926 906 2012 quosdam
936 1927 1052 1994 fideles
1081 1950 1160 1995 suos
1192 1929 1349 2015 impediri

294 2031 476 2098 mandavit.
521 2030 609 2097 Item
627 2032 958 2097 excommunicamus
976 2039 1012 2098 et
1029 2033 1349 2100 anathematizamus

294 2135 450 2202 eumdem
460 2156 521 2221 pro
534 2156 573 2200 eo
585 2135 677 2220 quod
691 2157 760 2200 non
773 2136 941 2220 permittit
957 2136 1120 2221 quosdam
1140 2136 1349 2205 cathedrales

294 2240 452 2306 ecclesias
467 2246 503 2305 et
517 2240 600 2305 alias
616 2246 775 2305 vacantes
794 2240 951 2305 ecclesias
967 2240 1003 2304 in
1018 2262 1123 2328 regno
1144 2241 1290 2327 reparari
1313 2250 1350 2309 et

293 2343 356 2410 hoc
380 2344 552 2409 occasione
574 2343 785 2428 periclitatur
805 2343 942 2408 libertas
965 2344 1126 2423 Ecclesie,
1146 2346 1234 2432 perit
1255 2345 1348 2424 fides,
1391 2423 1394 2429 ¹

294 2448 375 2534 quia
398 2469 465 2512 non
492 2454 545 2513 est
567 2448 626 2534 qui
648 2453 816 2533 proponat
837 2447 976 2513 verbum
999 2448 1065 2513 Dei
1087 2470 1149 2515 nec
1171 2449 1232 2536 qui
1252 2458 1350 2538 regat

294 2553 422 2618 animas
446 2550 623 2617 deficiente
649 2556 794 2637 pastore.
840 2551 888 2617 Et
912 2558 995 2618 sunt
1020 2554 1156 2618 nomina
1181 2553 1348 2619 dictarum

294 2655 510 2721 ecclesiarum
525 2655 735 2721 vacantium:
757 2653 1002 2734 cathaniensis,
1016 2656 1227 2744 Regincnsis,
1239 2656 1349 2725 Ache·

293 2760 487 2837 runtieusis,
511 2757 763 2845 squillacensis,
788 2758 966 2838 Rubensis,
989 2759 1253 2839 Potentincnsis,
1277 2762 1350 2851 Hy·

294 2863 531 2940 drontiuensis,
569 2862 832 2941 Policastrensis,
871 2862 1055 2942 Saruensis,
1095 2864 1348 2945 Aversanensis,

295 2967 485 3046 valvensis,
515 2966 806 3052 Monopolitensis,
838 2965 1120 3047 Polinanetensis,
1154 2968 1349 3048 Melfiensis,

295 3071 515 3157 Rapellensis,
536 3069 751 3149 cariatensis,
774 3070 994 3149 Alilanensis,
1018 3071 1231 3152 Mazarensis,
1253 3074 1351 3161 Vigi-

293 3176 445 3241 liarensis
461 3182 497 3241 et
512 3174 776 3240 Fricentinensis
794 3176 1027 3262 episcopatus:
1051 3178 1253 3244 monasteria
1267 3200 1349 3244 vero

293 3285 376 3345 sunt
391 3278 457 3344 ista
472 3278 686 3345 Venusinum
708 3286 743 3345 et
766 3277 883 3344 Sancti
905 3278 1089 3346 salvatoris
1112 3280 1348 3348 Messanensis.

294 3384 383 3450 Item
412 3384 739 3449 excommunicamus
769 3389 805 3449 et
837 3383 1159 3451 anathematizamus
1192 3372 1349 3453 eumdem

293 3509 354 3574 pro
370 3509 409 3553 eo
425 3486 517 3574 quod
531 3488 567 3551 in
581 3509 687 3575 regno
703 3486 816 3552 clerici
833 3488 1014 3573 capiuntur
1032 3494 1067 3554 et
1088 3490 1348 3568 incarcerantur,

293 3590 550 3678 proscribuntur
560 3598 595 3657 et
606 3590 817 3656 occiduntur.
862 3590 950 3657 Item
964 3591 1058 3678 quod
1067 3594 1104 3657 in
1115 3615 1219 3681 regno
1234 3594 1350 3660 Eccle-

293 3696 342 3762 sia
372 3694 519 3761 Domino
549 3701 738 3761 consecrate
768 3693 991 3761 destruuntur
1020 3703 1056 3762 et
1083 3696 1349 3784 prophanantur.

294 3800 382 3865 Item
415 3800 743 3865 excommunicamus
773 3805 810 3864 et
838 3799 1159 3867 anathematizamus
1192 3800 1349 3867 eumdem

293 3924 354 3990 pro
369 3924 409 3969 eo
424 3902 517 3988 quod
533 3924 602 3968 uon
620 3898 789 3989 permittit
810 3900 971 3968 Soranam
993 3904 1169 3970 ecclesiam
1190 3906 1349 3989 reparari.

294 4006 383 4073 Item
412 4007 740 4073 excommunicamus
770 4013 805 4074 et
834 4007 1155 4075 anathematizamus
1187 4007 1350 4075 eumdum
