<?xml version="1.0" encoding="UTF-8"?>
<!DOCTYPE html PUBLIC "-//W3C//DTD XHTML 1.0 Transitional//EN"
    "http://www.w3.org/TR/xhtml1/DTD/xhtml1-transitional.dtd">
<html xmlns="http://www.w3.org/1999/xhtml" xml:lang="en" lang="en">
 <head>
  <title>
</title>
<meta http-equiv="Content-Type" content="text/html;charset=utf-8" />
  <meta name='ocr-system' content='tesseract 3.04.00' />
  <meta name='ocr-capabilities' content='ocr_page ocr_carea ocr_par ocr_line ocrx_word'/>
</head>
<body>
  <div class='ocr_page' id='page_1' title='image "./selectmediaeval01mathgoog_0163.png"; bbox 0 0 3292 4809; ppageno 0'>
   <div class='ocr_carea' id='block_1_1' title="bbox 556 598 1349 665">
    <p class='ocr_par' dir='ltr' id='par_1_1' title="bbox 556 598 1349 665">
     <span class='ocr_line' id='line_1_1' title="bbox 556 598 1349 665; baseline 0.003 -3"><span class='ocrx_word' id='word_1_1' title='bbox 556 613 632 663; x_wconf 81' lang='lat' dir='ltr'><strong>nun</strong></span> <span class='ocrx_word' id='word_1_2' title='bbox 653 613 773 663; x_wconf 78' lang='lat' dir='ltr'><strong>reson</strong></span> <span class='ocrx_word' id='word_1_3' title='bbox 795 612 843 663; x_wconf 79' lang='lat' dir='ltr'><strong>os</strong></span> <span class='ocrx_word' id='word_1_4' title='bbox 864 612 1089 663; x_wconf 76' lang='lat' dir='ltr'><strong>oonsnauon.</strong></span> <span class='ocrx_word' id='word_1_5' title='bbox 1285 598 1349 665; x_wconf 79' lang='grc'><strong>157</strong></span> 
     </span>
    </p>
   </div>
   <div class='ocr_carea' id='block_1_2' title="bbox 262 773 1421 4074">
    <p class='ocr_par' dir='ltr' id='par_1_2' title="bbox 294 773 1350 941">
     <span class='ocr_line' id='line_1_2' title="bbox 294 773 1350 853; baseline 0 -16"><span class='ocrx_word' id='word_1_6' title='bbox 294 781 467 849; x_wconf 83' lang='lat' dir='ltr'><strong>civitatibus,</strong></span> <span class='ocrx_word' id='word_1_7' title='bbox 480 780 549 837; x_wconf 92' lang='lat' dir='ltr'><strong>locis</strong></span> <span class='ocrx_word' id='word_1_8' title='bbox 561 786 590 836; x_wconf 91' lang='lat' dir='ltr'><strong>et</strong></span> <span class='ocrx_word' id='word_1_9' title='bbox 601 781 729 852; x_wconf 89' lang='lat' dir='ltr'><strong>personis</strong></span> <span class='ocrx_word' id='word_1_10' title='bbox 740 780 884 837; x_wconf 88' lang='lat' dir='ltr'><strong>societatis</strong></span> <span class='ocrx_word' id='word_1_11' title='bbox 899 780 930 835; x_wconf 90' lang='lat' dir='ltr'><strong>in</strong></span> <span class='ocrx_word' id='word_1_12' title='bbox 942 773 1119 853; x_wconf 83' lang='lat' dir='ltr'><strong>perpetuum,</strong></span> <span class='ocrx_word' id='word_1_13' title='bbox 1130 781 1263 837; x_wconf 76' lang='lat' dir='ltr'><strong>videlicet</strong></span> <span class='ocrx_word' id='word_1_14' title='bbox 1274 786 1307 837; x_wconf 85' lang='lat' dir='ltr'><strong>ut</strong></span> <span class='ocrx_word' id='word_1_15' title='bbox 1318 782 1350 837; x_wconf 91' lang='lat' dir='ltr'><strong>in</strong></span> 
     </span>
     <span class='ocr_line' id='line_1_3' title="bbox 295 867 1320 941; baseline 0 -18"><span class='ocrx_word' id='word_1_16' title='bbox 295 870 357 941; x_wconf 92' lang='lat' dir='ltr'><strong>ipsa</strong></span> <span class='ocrx_word' id='word_1_17' title='bbox 368 869 483 924; x_wconf 86' lang='lat' dir='ltr'><strong>civitate</strong></span> <span class='ocrx_word' id='word_1_18' title='bbox 495 869 593 924; x_wconf 90' lang='lat' dir='ltr'><strong>omnia</strong></span> <span class='ocrx_word' id='word_1_19' title='bbox 603 868 741 934; x_wconf 88' lang='lat' dir='ltr'><strong>habeatis,</strong></span> <span class='ocrx_word' id='word_1_20' title='bbox 754 869 829 923; x_wconf 90' lang='lat' dir='ltr'><strong>sicut</strong></span> <span class='ocrx_word' id='word_1_21' title='bbox 840 868 977 923; x_wconf 91' lang='lat' dir='ltr'><strong>hactenus</strong></span> <span class='ocrx_word' id='word_1_22' title='bbox 988 867 1130 923; x_wconf 89' lang='lat' dir='ltr'><strong>habuistis</strong></span> <span class='ocrx_word' id='word_1_23' title='bbox 1141 869 1187 923; x_wconf 82' lang='lat' dir='ltr'><strong>vel</strong></span> <span class='ocrx_word' id='word_1_24' title='bbox 1199 868 1320 923; x_wconf 88' lang='lat' dir='ltr'><strong>habetis.</strong></span> 
     </span>
    </p>

    <p class='ocr_par' dir='ltr' id='par_1_3' title="bbox 294 955 1351 1115">
     <span class='ocr_line' id='line_1_4' title="bbox 330 955 1351 1013; baseline 0.002 -2"><span class='ocrx_word' id='word_1_25' title='bbox 330 958 357 1011; x_wconf 81' lang='lat'><strong>2.</strong></span> <span class='ocrx_word' id='word_1_26' title='bbox 383 957 475 1011; x_wconf 84' lang='lat' dir='ltr'><strong>Extra</strong></span> <span class='ocrx_word' id='word_1_27' title='bbox 491 974 558 1012; x_wconf 85' lang='lat' dir='ltr'><strong>vero</strong></span> <span class='ocrx_word' id='word_1_28' title='bbox 576 972 673 1011; x_wconf 91' lang='lat' dir='ltr'><strong>omnes</strong></span> <span class='ocrx_word' id='word_1_29' title='bbox 692 956 910 1011; x_wconf 91' lang='lat' dir='ltr'><strong>consuetudines</strong></span> <span class='ocrx_word' id='word_1_30' title='bbox 929 956 992 1011; x_wconf 92' lang='lat' dir='ltr'><strong>sine</strong></span> <span class='ocrx_word' id='word_1_31' title='bbox 1010 955 1234 1011; x_wconf 73' lang='lat' dir='ltr'><strong>contradictione</strong></span> <span class='ocrx_word' id='word_1_32' title='bbox 1253 961 1351 1013; x_wconf 80' lang='lat' dir='ltr'><strong>nostra</strong></span> 
     </span>
     <span class='ocr_line' id='line_1_5' title="bbox 294 1043 1112 1115; baseline 0.001 -17"><span class='ocrx_word' id='word_1_33' title='bbox 294 1044 457 1109; x_wconf 88' lang='lat' dir='ltr'><strong>exerceatis,</strong></span> <span class='ocrx_word' id='word_1_34' title='bbox 469 1061 539 1115; x_wconf 91' lang='lat' dir='ltr'><strong>quas</strong></span> <span class='ocrx_word' id='word_1_35' title='bbox 551 1044 588 1098; x_wconf 92' lang='lat' dir='ltr'><strong>ab</strong></span> <span class='ocrx_word' id='word_1_36' title='bbox 601 1043 719 1114; x_wconf 89' lang='lat' dir='ltr'><strong>antiquo</strong></span> <span class='ocrx_word' id='word_1_37' title='bbox 731 1043 897 1098; x_wconf 86' lang='lat' dir='ltr'><strong>exercuistis</strong></span> <span class='ocrx_word' id='word_1_38' title='bbox 909 1044 955 1098; x_wconf 82' lang='lat' dir='ltr'><strong>vel</strong></span> <span class='ocrx_word' id='word_1_39' title='bbox 966 1044 1112 1099; x_wconf 77' lang='lat' dir='ltr'><strong>exercetis</strong></span> 
     </span>
    </p>

    <p class='ocr_par' dir='ltr' id='par_1_4' title="bbox 294 1130 1351 1551">
     <span class='ocr_line' id='line_1_6' title="bbox 330 1130 1351 1204; baseline 0.003 -19"><span class='ocrx_word' id='word_1_40' title='bbox 330 1134 357 1186; x_wconf 89' lang='lat'><strong>3.</strong></span> <span class='ocrx_word' id='word_1_41' title='bbox 384 1132 495 1186; x_wconf 77' lang='lat' dir='ltr'><strong>Scilicet</strong></span> <span class='ocrx_word' id='word_1_42' title='bbox 507 1131 538 1185; x_wconf 93' lang='lat' dir='ltr'><strong>in</strong></span> <span class='ocrx_word' id='word_1_43' title='bbox 550 1131 633 1186; x_wconf 83' lang='lat' dir='ltr'><strong>iodro</strong></span> <span class='ocrx_word' id='word_1_44' title='bbox 644 1136 673 1185; x_wconf 91' lang='lat' dir='ltr'><strong>et</strong></span> <span class='ocrx_word' id='word_1_45' title='bbox 685 1130 858 1186; x_wconf 87' lang='lat' dir='ltr'><strong>memoribns</strong></span> <span class='ocrx_word' id='word_1_46' title='bbox 869 1135 899 1185; x_wconf 92' lang='lat' dir='ltr'><strong>et</strong></span> <span class='ocrx_word' id='word_1_47' title='bbox 909 1131 1022 1203; x_wconf 84' lang='lat' dir='ltr'><strong>pascuis</strong></span> <span class='ocrx_word' id='word_1_48' title='bbox 1032 1136 1062 1187; x_wconf 86' lang='lat' dir='ltr'><strong>et</strong></span> <span class='ocrx_word' id='word_1_49' title='bbox 1073 1131 1210 1203; x_wconf 89' lang='lat' dir='ltr'><strong>pontibus</strong></span> <span class='ocrx_word' id='word_1_50' title='bbox 1222 1137 1252 1188; x_wconf 94' lang='lat' dir='ltr'><strong>et</strong></span> <span class='ocrx_word' id='word_1_51' title='bbox 1269 1132 1351 1204; x_wconf 82' lang='lat' dir='ltr'><strong>aquis</strong></span> 
     </span>
     <span class='ocr_line' id='line_1_7' title="bbox 294 1217 1351 1289; baseline 0.002 -16"><span class='ocrx_word' id='word_1_52' title='bbox 294 1223 324 1274; x_wconf 91' lang='lat' dir='ltr'><strong>et</strong></span> <span class='ocrx_word' id='word_1_53' title='bbox 336 1218 513 1285; x_wconf 82' lang='lat' dir='ltr'>molendinis,</span> <span class='ocrx_word' id='word_1_54' title='bbox 526 1218 600 1273; x_wconf 90' lang='lat' dir='ltr'><strong>sicut</strong></span> <span class='ocrx_word' id='word_1_55' title='bbox 618 1217 654 1272; x_wconf 91' lang='lat' dir='ltr'><strong>ab</strong></span> <span class='ocrx_word' id='word_1_56' title='bbox 673 1217 791 1289; x_wconf 92' lang='lat' dir='ltr'><strong>antiquo</strong></span> <span class='ocrx_word' id='word_1_57' title='bbox 810 1217 915 1273; x_wconf 88' lang='lat' dir='ltr'><strong>habere</strong></span> <span class='ocrx_word' id='word_1_58' title='bbox 929 1219 1115 1274; x_wconf 74' lang='lat' dir='ltr'><strong>consuevistis</strong></span> <span class='ocrx_word' id='word_1_59' title='bbox 1127 1220 1173 1275; x_wconf 82' lang='lat' dir='ltr'><strong>vel</strong></span> <span class='ocrx_word' id='word_1_60' title='bbox 1186 1219 1306 1287; x_wconf 87' lang='lat' dir='ltr'><strong>habetis,</strong></span> <span class='ocrx_word' id='word_1_61' title='bbox 1319 1220 1351 1275; x_wconf 88' lang='lat' dir='ltr'><strong>iu</strong></span> 
     </span>
     <span class='ocr_line' id='line_1_8' title="bbox 294 1295 1351 1378; baseline 0.003 -17"><span class='ocrx_word' id='word_1_62' title='bbox 294 1307 430 1370; x_wconf 86' lang='lat' dir='ltr'><strong>exercitu,</strong></span> <span class='ocrx_word' id='word_1_63' title='bbox 444 1307 475 1360; x_wconf 91' lang='lat' dir='ltr'><strong>in</strong></span> <span class='ocrx_word' id='word_1_64' title='bbox 488 1305 695 1360; x_wconf 88' lang='lat' dir='ltr'><strong>munitionibus</strong></span> <span class='ocrx_word' id='word_1_65' title='bbox 707 1295 864 1373; x_wconf 73' lang='lat' dir='ltr'><strong>civitatum,</strong></span> <span class='ocrx_word' id='word_1_66' title='bbox 876 1306 907 1360; x_wconf 92' lang='lat' dir='ltr'><strong>in</strong></span> <span class='ocrx_word' id='word_1_67' title='bbox 923 1306 1131 1378; x_wconf 84' lang='lat' dir='ltr'><strong>jurisdictione,</strong></span> <span class='ocrx_word' id='word_1_68' title='bbox 1143 1312 1205 1364; x_wconf 85' lang='lat' dir='ltr'><strong>tam</strong></span> <span class='ocrx_word' id='word_1_69' title='bbox 1216 1308 1248 1363; x_wconf 90' lang='lat' dir='ltr'><strong>in</strong></span> <span class='ocrx_word' id='word_1_70' title='bbox 1259 1308 1351 1371; x_wconf 87' lang='lat' dir='ltr'><strong>crimi-</strong></span> 
     </span>
     <span class='ocr_line' id='line_1_9' title="bbox 294 1392 1351 1469; baseline 0.005 -21"><span class='ocrx_word' id='word_1_71' title='bbox 294 1394 407 1449; x_wconf 84' lang='lat' dir='ltr'><strong>nalibus</strong></span> <span class='ocrx_word' id='word_1_72' title='bbox 419 1393 511 1448; x_wconf 92' lang='lat' dir='ltr'><strong>causis</strong></span> <span class='ocrx_word' id='word_1_73' title='bbox 523 1410 609 1463; x_wconf 92' lang='lat' dir='ltr'><strong>quam</strong></span> <span class='ocrx_word' id='word_1_74' title='bbox 620 1392 651 1447; x_wconf 92' lang='lat' dir='ltr'><strong>in</strong></span> <span class='ocrx_word' id='word_1_75' title='bbox 664 1394 843 1464; x_wconf 77' lang='lat' dir='ltr'><strong>pecuniariis,</strong></span> <span class='ocrx_word' id='word_1_76' title='bbox 853 1394 932 1449; x_wconf 91' lang='lat' dir='ltr'><strong>intus</strong></span> <span class='ocrx_word' id='word_1_77' title='bbox 940 1399 970 1449; x_wconf 90' lang='lat' dir='ltr'><strong>et</strong></span> <span class='ocrx_word' id='word_1_78' title='bbox 979 1399 1069 1463; x_wconf 84' lang='lat' dir='ltr'><strong>extra,</strong></span> <span class='ocrx_word' id='word_1_79' title='bbox 1077 1399 1108 1451; x_wconf 86' lang='lat' dir='ltr'><strong>et</strong></span> <span class='ocrx_word' id='word_1_80' title='bbox 1120 1395 1151 1451; x_wconf 91' lang='lat' dir='ltr'><strong>in</strong></span> <span class='ocrx_word' id='word_1_81' title='bbox 1160 1396 1268 1465; x_wconf 82' lang='lat' dir='ltr'><strong>ceteris,</strong></span> <span class='ocrx_word' id='word_1_82' title='bbox 1277 1413 1351 1469; x_wconf 83' lang='lat' dir='ltr'><strong>quae</strong></span> 
     </span>
     <span class='ocr_line' id='line_1_10' title="bbox 295 1481 885 1551; baseline 0 -15"><span class='ocrx_word' id='word_1_83' title='bbox 295 1482 334 1536; x_wconf 90' lang='lat' dir='ltr'><strong>ad</strong></span> <span class='ocrx_word' id='word_1_84' title='bbox 344 1481 576 1536; x_wconf 89' lang='lat' dir='ltr'><strong>commoditatem</strong></span> <span class='ocrx_word' id='word_1_85' title='bbox 587 1485 716 1551; x_wconf 86' lang='lat' dir='ltr'><strong>spectant</strong></span> <span class='ocrx_word' id='word_1_86' title='bbox 727 1481 885 1536; x_wconf 84' lang='lat' dir='ltr'><strong>civitatum.</strong></span> 
     </span>
    </p>

    <p class='ocr_par' dir='ltr' id='par_1_5' title="bbox 296 1568 1351 1730">
     <span class='ocr_line' id='line_1_11' title="bbox 330 1568 1350 1643; baseline 0.005 -21"><span class='ocrx_word' id='word_1_87' title='bbox 330 1569 356 1622; x_wconf 82' lang='lat'><strong>4.</strong></span> <span class='ocrx_word' id='word_1_88' title='bbox 382 1568 528 1636; x_wconf 80' lang='lat' dir='ltr'><strong>Volumus,</strong></span> <span class='ocrx_word' id='word_1_89' title='bbox 540 1574 575 1624; x_wconf 91' lang='lat' dir='ltr'><strong>ut</strong></span> <span class='ocrx_word' id='word_1_90' title='bbox 592 1571 705 1642; x_wconf 86' lang='lat' dir='ltr'><strong>regalia,</strong></span> <span class='ocrx_word' id='word_1_91' title='bbox 719 1588 791 1643; x_wconf 88' lang='lat' dir='ltr'><strong>quae</strong></span> <span class='ocrx_word' id='word_1_92' title='bbox 809 1571 891 1626; x_wconf 83' lang='lat' dir='ltr'><strong>vobis</strong></span> <span class='ocrx_word' id='word_1_93' title='bbox 907 1587 1039 1627; x_wconf 70' lang='lat' dir='ltr'><strong>concmsa</strong></span> <span class='ocrx_word' id='word_1_94' title='bbox 1055 1589 1112 1627; x_wconf 94' lang='lat' dir='ltr'><strong>non</strong></span> <span class='ocrx_word' id='word_1_95' title='bbox 1131 1576 1207 1639; x_wconf 87' lang='lat' dir='ltr'><strong>eunt,</strong></span> <span class='ocrx_word' id='word_1_96' title='bbox 1225 1572 1256 1626; x_wconf 92' lang='lat' dir='ltr'><strong>in</strong></span> <span class='ocrx_word' id='word_1_97' title='bbox 1274 1571 1350 1627; x_wconf 84' lang='lat' dir='ltr'><strong>huno</strong></span> 
     </span>
     <span class='ocr_line' id='line_1_12' title="bbox 296 1657 1351 1730; baseline 0.004 -20"><span class='ocrx_word' id='word_1_98' title='bbox 296 1657 412 1711; x_wconf 91' lang='lat' dir='ltr'><strong>modum</strong></span> <span class='ocrx_word' id='word_1_99' title='bbox 424 1662 636 1727; x_wconf 84' lang='lat' dir='ltr'><strong>cognoscantur.</strong></span> <span class='ocrx_word' id='word_1_100' title='bbox 673 1658 829 1730; x_wconf 85' lang='lat' dir='ltr'><strong>Episcopus</strong></span> <span class='ocrx_word' id='word_1_101' title='bbox 842 1658 898 1713; x_wconf 92' lang='lat' dir='ltr'><strong>loci</strong></span> <span class='ocrx_word' id='word_1_102' title='bbox 911 1663 941 1714; x_wconf 90' lang='lat' dir='ltr'><strong>et</strong></span> <span class='ocrx_word' id='word_1_103' title='bbox 956 1658 1086 1715; x_wconf 84' lang='lat' dir='ltr'><strong>homiues</strong></span> <span class='ocrx_word' id='word_1_104' title='bbox 1103 1662 1164 1716; x_wconf 85' lang='lat' dir='ltr'><strong>tam</strong></span> <span class='ocrx_word' id='word_1_105' title='bbox 1181 1660 1217 1714; x_wconf 90' lang='lat' dir='ltr'><strong>de</strong></span> <span class='ocrx_word' id='word_1_106' title='bbox 1234 1659 1351 1715; x_wconf 85' lang='lat' dir='ltr'><strong>civitate</strong></span> 
     </span>
    </p>

    <p class='ocr_par' dir='ltr' id='par_1_6' title="bbox 262 1743 1351 1818">
     <span class='ocr_line' id='line_1_13' title="bbox 262 1743 1351 1818; baseline 0.006 -23"><span class='ocrx_word' id='word_1_107' title='bbox 262 1789 263 1793; x_wconf 73' lang='grc'>,</span> <span class='ocrx_word' id='word_1_108' title='bbox 296 1743 428 1814; x_wconf 90' lang='lat' dir='ltr'><strong>quamde</strong></span> <span class='ocrx_word' id='word_1_109' title='bbox 441 1744 604 1815; x_wconf 85' lang='lat' dir='ltr'><strong>episcopatu</strong></span> <span class='ocrx_word' id='word_1_110' title='bbox 621 1745 773 1817; x_wconf 83' lang='lat' dir='ltr'><strong>eligantur,</strong></span> <span class='ocrx_word' id='word_1_111' title='bbox 786 1745 842 1801; x_wconf 88' lang='lat' dir='ltr'><strong>viri</strong></span> <span class='ocrx_word' id='word_1_112' title='bbox 858 1745 951 1801; x_wconf 89' lang='lat' dir='ltr'><strong>bonae</strong></span> <span class='ocrx_word' id='word_1_113' title='bbox 969 1746 1111 1818; x_wconf 90' lang='lat' dir='ltr'><strong>opinionis</strong></span> <span class='ocrx_word' id='word_1_114' title='bbox 1127 1751 1158 1801; x_wconf 88' lang='lat' dir='ltr'><strong>et</strong></span> <span class='ocrx_word' id='word_1_115' title='bbox 1174 1746 1225 1818; x_wconf 93' lang='lat' dir='ltr'><strong>qui</strong></span> <span class='ocrx_word' id='word_1_116' title='bbox 1243 1747 1279 1801; x_wconf 92' lang='lat' dir='ltr'><strong>ad</strong></span> <span class='ocrx_word' id='word_1_117' title='bbox 1297 1746 1351 1801; x_wconf 89' lang='lat' dir='ltr'><strong>hoc</strong></span> 
     </span>
    </p>

    <p class='ocr_par' dir='ltr' id='par_1_7' title="bbox 285 1823 1418 2513">
     <span class='ocr_line' id='line_1_14' title="bbox 296 1823 1418 1905; baseline 0.004 -20"><span class='ocrx_word' id='word_1_118' title='bbox 296 1831 392 1885; x_wconf 91' lang='lat' dir='ltr'><strong>idonei</strong></span> <span class='ocrx_word' id='word_1_119' title='bbox 410 1848 470 1886; x_wconf 90' lang='lat' dir='ltr'><strong>esse</strong></span> <span class='ocrx_word' id='word_1_120' title='bbox 491 1833 649 1900; x_wconf 86' lang='lat' dir='ltr'><strong>credantur,</strong></span> <span class='ocrx_word' id='word_1_121' title='bbox 669 1834 741 1892; x_wconf 90' lang='lat' dir='ltr'><strong>tales</strong></span> <span class='ocrx_word' id='word_1_122' title='bbox 760 1834 811 1905; x_wconf 91' lang='lat' dir='ltr'><strong>qui</strong></span> <span class='ocrx_word' id='word_1_123' title='bbox 829 1851 881 1888; x_wconf 92' lang='lat' dir='ltr'><strong>nec</strong></span> <span class='ocrx_word' id='word_1_124' title='bbox 899 1838 1000 1889; x_wconf 83' lang='lat' dir='ltr'><strong>contra</strong></span> <span class='ocrx_word' id='word_1_125' title='bbox 1017 1834 1163 1889; x_wconf 83' lang='lat' dir='ltr'><strong>civitatem</strong></span> <span class='ocrx_word' id='word_1_126' title='bbox 1181 1850 1233 1889; x_wconf 91' lang='lat' dir='ltr'><strong>nec</strong></span> <span class='ocrx_word' id='word_1_127' title='bbox 1252 1838 1351 1890; x_wconf 80' lang='lat' dir='ltr'><strong>contra</strong></span> <span class='ocrx_word' id='word_1_128' title='bbox 1415 1823 1418 1829; x_wconf 69' lang='grc'><strong>’</strong></span> 
     </span>
     <span class='ocr_line' id='line_1_15' title="bbox 296 1920 1351 1992; baseline 0.002 -19"><span class='ocrx_word' id='word_1_129' title='bbox 296 1923 423 1974; x_wconf 89' lang='lat' dir='ltr'><strong>nostram</strong></span> <span class='ocrx_word' id='word_1_130' title='bbox 447 1920 628 1991; x_wconf 80' lang='lat' dir='ltr'><strong>magistatem</strong></span> <span class='ocrx_word' id='word_1_131' title='bbox 652 1921 763 1991; x_wconf 89' lang='lat' dir='ltr'><strong>privato</strong></span> <span class='ocrx_word' id='word_1_132' title='bbox 787 1923 834 1976; x_wconf 84' lang='lat' dir='ltr'><strong>vel</strong></span> <span class='ocrx_word' id='word_1_133' title='bbox 857 1921 972 1992; x_wconf 87' lang='lat' dir='ltr'><strong>speciali</strong></span> <span class='ocrx_word' id='word_1_134' title='bbox 995 1921 1061 1977; x_wconf 89' lang='lat' dir='ltr'><strong>odio</strong></span> <span class='ocrx_word' id='word_1_135' title='bbox 1084 1925 1244 1976; x_wconf 87' lang='lat' dir='ltr'><strong>teneantur.</strong></span> <span class='ocrx_word' id='word_1_136' title='bbox 1292 1920 1351 1987; x_wconf 87' lang='lat' dir='ltr'><strong>Qui</strong></span> 
     </span>
     <span class='ocr_line' id='line_1_16' title="bbox 295 2007 1351 2080; baseline 0.002 -20"><span class='ocrx_word' id='word_1_137' title='bbox 295 2008 400 2078; x_wconf 82' lang='lat' dir='ltr'><strong>jurent,</strong></span> <span class='ocrx_word' id='word_1_138' title='bbox 412 2008 489 2077; x_wconf 91' lang='lat' dir='ltr'><strong>quod</strong></span> <span class='ocrx_word' id='word_1_139' title='bbox 506 2007 582 2063; x_wconf 85' lang='lat' dir='ltr'><strong>bona</strong></span> <span class='ocrx_word' id='word_1_140' title='bbox 599 2008 656 2063; x_wconf 88' lang='lat' dir='ltr'><strong>fide</strong></span> <span class='ocrx_word' id='word_1_141' title='bbox 672 2012 702 2063; x_wconf 90' lang='lat' dir='ltr'><strong>et</strong></span> <span class='ocrx_word' id='word_1_142' title='bbox 719 2008 780 2063; x_wconf 92' lang='lat' dir='ltr'><strong>sine</strong></span> <span class='ocrx_word' id='word_1_143' title='bbox 797 2008 899 2064; x_wconf 82' lang='lat' dir='ltr'><strong>fraude</strong></span> <span class='ocrx_word' id='word_1_144' title='bbox 913 2008 1077 2080; x_wconf 81' lang='lat' dir='ltr'><strong>perquirent</strong></span> <span class='ocrx_word' id='word_1_145' title='bbox 1093 2013 1123 2064; x_wconf 89' lang='lat' dir='ltr'><strong>et</strong></span> <span class='ocrx_word' id='word_1_146' title='bbox 1140 2008 1278 2079; x_wconf 86' lang='lat' dir='ltr'><strong>inquisita</strong></span> <span class='ocrx_word' id='word_1_147' title='bbox 1288 2025 1351 2064; x_wconf 92' lang='lat' dir='ltr'><strong>con·</strong></span> 
     </span>
     <span class='ocr_line' id='line_1_17' title="bbox 296 2094 1350 2167; baseline 0.003 -19"><span class='ocrx_word' id='word_1_148' title='bbox 296 2094 451 2166; x_wconf 81' lang='lat' dir='ltr'><strong>signabunt</strong></span> <span class='ocrx_word' id='word_1_149' title='bbox 469 2112 511 2161; x_wconf 91' lang='lat' dir='ltr'><strong>ea,</strong></span> <span class='ocrx_word' id='word_1_150' title='bbox 529 2113 602 2167; x_wconf 87' lang='lat' dir='ltr'><strong>quse</strong></span> <span class='ocrx_word' id='word_1_151' title='bbox 619 2097 778 2167; x_wconf 80' lang='lat' dir='ltr'><strong>specialiter</strong></span> <span class='ocrx_word' id='word_1_152' title='bbox 796 2097 833 2151; x_wconf 92' lang='lat' dir='ltr'><strong>ad</strong></span> <span class='ocrx_word' id='word_1_153' title='bbox 850 2102 978 2151; x_wconf 87' lang='lat' dir='ltr'><strong>nostram</strong></span> <span class='ocrx_word' id='word_1_154' title='bbox 995 2100 1124 2167; x_wconf 89' lang='lat' dir='ltr'><strong>spectant</strong></span> <span class='ocrx_word' id='word_1_155' title='bbox 1140 2096 1350 2151; x_wconf 85' lang='lat' dir='ltr'><strong>excellentiam.</strong></span> 
     </span>
     <span class='ocr_line' id='line_1_18' title="bbox 285 2182 1351 2261; baseline 0.003 -25"><span class='ocrx_word' id='word_1_156' title='bbox 285 2182 328 2237; x_wconf 68' lang='lat' dir='ltr'><strong>&#39;si</strong></span> <span class='ocrx_word' id='word_1_157' title='bbox 340 2187 436 2237; x_wconf 91' lang='lat' dir='ltr'><strong>autem</strong></span> <span class='ocrx_word' id='word_1_158' title='bbox 447 2183 514 2238; x_wconf 93' lang='lat' dir='ltr'><strong>huic</strong></span> <span class='ocrx_word' id='word_1_159' title='bbox 527 2184 706 2255; x_wconf 86' lang='lat' dir='ltr'><strong>inquisitioni</strong></span> <span class='ocrx_word' id='word_1_160' title='bbox 720 2183 960 2255; x_wconf 81' lang='lat' dir='ltr'><strong>supersedendum</strong></span> <span class='ocrx_word' id='word_1_161' title='bbox 977 2200 1037 2261; x_wconf 80' lang='lat' dir='ltr'><strong>esse</strong></span> <span class='ocrx_word' id='word_1_162' title='bbox 1054 2183 1224 2253; x_wconf 85' lang='lat' dir='ltr'><strong>putaverint,</strong></span> <span class='ocrx_word' id='word_1_163' title='bbox 1237 2200 1351 2239; x_wconf 86' lang='lat' dir='ltr'><strong>sensum</strong></span> 
     </span>
     <span class='ocr_line' id='line_1_19' title="bbox 296 2270 1351 2343; baseline -0.001 -18"><span class='ocrx_word' id='word_1_164' title='bbox 296 2270 419 2325; x_wconf 89' lang='lat' dir='ltr'><strong>duorum</strong></span> <span class='ocrx_word' id='word_1_165' title='bbox 438 2271 560 2325; x_wconf 92' lang='lat' dir='ltr'><strong>millium</strong></span> <span class='ocrx_word' id='word_1_166' title='bbox 578 2272 757 2327; x_wconf 87' lang='lat' dir='ltr'><strong>marcharum</strong></span> <span class='ocrx_word' id='word_1_167' title='bbox 775 2270 887 2343; x_wconf 79' lang='lat' dir='ltr'><strong>argenti</strong></span> <span class='ocrx_word' id='word_1_168' title='bbox 904 2287 954 2342; x_wconf 90' lang='lat' dir='ltr'><strong>per</strong></span> <span class='ocrx_word' id='word_1_169' title='bbox 968 2270 1095 2341; x_wconf 85' lang='lat' dir='ltr'><strong>singulos</strong></span> <span class='ocrx_word' id='word_1_170' title='bbox 1112 2287 1202 2327; x_wconf 87' lang='lat' dir='ltr'><strong>annos</strong></span> <span class='ocrx_word' id='word_1_171' title='bbox 1219 2271 1351 2342; x_wconf 87' lang='lat' dir='ltr'><strong>petimus.</strong></span> 
     </span>
     <span class='ocr_line' id='line_1_20' title="bbox 297 2357 1351 2430; baseline 0 -17"><span class='ocrx_word' id='word_1_172' title='bbox 297 2359 433 2413; x_wconf 75' lang='lat' dir='ltr'><strong>Attamen</strong></span> <span class='ocrx_word' id='word_1_173' title='bbox 446 2358 618 2430; x_wconf 86' lang='lat' dir='ltr'><strong>competenti</strong></span> <span class='ocrx_word' id='word_1_174' title='bbox 635 2358 829 2414; x_wconf 84' lang='lat' dir='ltr'><strong>moderatione</strong></span> <span class='ocrx_word' id='word_1_175' title='bbox 840 2358 1051 2429; x_wconf 81' lang='lat' dir='ltr'><strong>moderabimur</strong></span> <span class='ocrx_word' id='word_1_176' title='bbox 1061 2357 1150 2413; x_wconf 89' lang='lat' dir='ltr'><strong>etiam</strong></span> <span class='ocrx_word' id='word_1_177' title='bbox 1161 2358 1351 2429; x_wconf 66' lang='lat' dir='ltr'><strong>quantitatem</strong></span> 
     </span>
     <span class='ocr_line' id='line_1_21' title="bbox 296 2446 742 2513; baseline 0.004 -13"><span class='ocrx_word' id='word_1_178' title='bbox 296 2446 390 2513; x_wconf 90' lang='lat' dir='ltr'><strong>istam,</strong></span> <span class='ocrx_word' id='word_1_179' title='bbox 402 2446 428 2501; x_wconf 93' lang='lat' dir='ltr'><strong>si</strong></span> <span class='ocrx_word' id='word_1_180' title='bbox 439 2447 562 2502; x_wconf 87' lang='lat' dir='ltr'><strong>enormis</strong></span> <span class='ocrx_word' id='word_1_181' title='bbox 573 2446 636 2503; x_wconf 81' lang='lat' dir='ltr'><strong>visa</strong></span> <span class='ocrx_word' id='word_1_182' title='bbox 647 2446 742 2502; x_wconf 84' lang='lat' dir='ltr'><strong>inerit</strong></span> 
     </span>
    </p>

    <p class='ocr_par' dir='ltr' id='par_1_8' title="bbox 297 2532 1353 2866">
     <span class='ocr_line' id='line_1_22' title="bbox 333 2532 1353 2606; baseline 0 -19"><span class='ocrx_word' id='word_1_183' title='bbox 333 2536 359 2588; x_wconf 88' lang='grc'><strong>5.</strong></span> <span class='ocrx_word' id='word_1_184' title='bbox 386 2534 417 2589; x_wconf 85' lang='lat' dir='ltr'><strong>si</strong></span> <span class='ocrx_word' id='word_1_185' title='bbox 433 2535 497 2606; x_wconf 90' lang='lat' dir='ltr'><strong>quis</strong></span> <span class='ocrx_word' id='word_1_186' title='bbox 516 2539 611 2589; x_wconf 92' lang='lat' dir='ltr'><strong>autem</strong></span> <span class='ocrx_word' id='word_1_187' title='bbox 628 2552 712 2606; x_wconf 90' lang='lat' dir='ltr'><strong>super</strong></span> <span class='ocrx_word' id='word_1_188' title='bbox 724 2533 777 2601; x_wconf 92' lang='lat' dir='ltr'><strong>his,</strong></span> <span class='ocrx_word' id='word_1_189' title='bbox 790 2550 862 2605; x_wconf 90' lang='lat' dir='ltr'><strong>quae</strong></span> <span class='ocrx_word' id='word_1_190' title='bbox 874 2533 956 2589; x_wconf 87' lang='lat' dir='ltr'><strong>vobis</strong></span> <span class='ocrx_word' id='word_1_191' title='bbox 967 2533 1157 2589; x_wconf 89' lang='lat' dir='ltr'><strong>concessimus</strong></span> <span class='ocrx_word' id='word_1_192' title='bbox 1168 2533 1214 2588; x_wconf 82' lang='lat' dir='ltr'><strong>vel</strong></span> <span class='ocrx_word' id='word_1_193' title='bbox 1225 2532 1353 2605; x_wconf 90' lang='lat' dir='ltr'><strong>permisi·</strong></span> 
     </span>
     <span class='ocr_line' id='line_1_23' title="bbox 297 2620 1353 2693; baseline 0 -18"><span class='ocrx_word' id='word_1_194' title='bbox 297 2621 431 2676; x_wconf 82' lang='lat' dir='ltr'><strong>musairo</strong></span> <span class='ocrx_word' id='word_1_195' title='bbox 443 2622 474 2676; x_wconf 91' lang='lat' dir='ltr'><strong>in</strong></span> <span class='ocrx_word' id='word_1_196' title='bbox 487 2622 602 2678; x_wconf 83' lang='lat' dir='ltr'><strong>civitate</strong></span> <span class='ocrx_word' id='word_1_197' title='bbox 614 2622 673 2676; x_wconf 87' lang='lat' dir='ltr'><strong>sive</strong></span> <span class='ocrx_word' id='word_1_198' title='bbox 685 2625 768 2677; x_wconf 84' lang='lat' dir='ltr'><strong>extre</strong></span> <span class='ocrx_word' id='word_1_199' title='bbox 779 2621 933 2688; x_wconf 82' lang='lat' dir='ltr'><strong>civitatem,</strong></span> <span class='ocrx_word' id='word_1_200' title='bbox 943 2620 1151 2693; x_wconf 89' lang='lat' dir='ltr'><strong>querimoniam</strong></span> <span class='ocrx_word' id='word_1_201' title='bbox 1163 2621 1239 2692; x_wconf 89' lang='lat' dir='ltr'><strong>apud</strong></span> <span class='ocrx_word' id='word_1_202' title='bbox 1250 2622 1353 2692; x_wconf 79' lang='lat' dir='ltr'><strong>majes-</strong></span> 
     </span>
     <span class='ocr_line' id='line_1_24' title="bbox 297 2708 1353 2781; baseline 0.001 -19"><span class='ocrx_word' id='word_1_203' title='bbox 297 2712 387 2763; x_wconf 88' lang='lat' dir='ltr'><strong>tatem</strong></span> <span class='ocrx_word' id='word_1_204' title='bbox 405 2713 533 2764; x_wconf 86' lang='lat' dir='ltr'><strong>nostram</strong></span> <span class='ocrx_word' id='word_1_205' title='bbox 553 2710 723 2779; x_wconf 84' lang='lat' dir='ltr'><strong>deposuerit,</strong></span> <span class='ocrx_word' id='word_1_206' title='bbox 741 2711 804 2781; x_wconf 75' lang='lat' dir='ltr'><strong>eq‘us</strong></span> <span class='ocrx_word' id='word_1_207' title='bbox 822 2708 1031 2780; x_wconf 88' lang='lat' dir='ltr'><strong>querimoniam</strong></span> <span class='ocrx_word' id='word_1_208' title='bbox 1047 2726 1105 2764; x_wconf 90' lang='lat' dir='ltr'><strong>non</strong></span> <span class='ocrx_word' id='word_1_209' title='bbox 1122 2709 1306 2765; x_wconf 69' lang='lat' dir='ltr'><strong>admittemus</strong></span> <span class='ocrx_word' id='word_1_210' title='bbox 1323 2711 1353 2763; x_wconf 88' lang='lat' dir='ltr'><strong>et</strong></span> 
     </span>
     <span class='ocr_line' id='line_1_25' title="bbox 298 2795 680 2866; baseline 0.005 -17"><span class='ocrx_word' id='word_1_211' title='bbox 298 2795 443 2849; x_wconf 91' lang='lat' dir='ltr'><strong>silentium</strong></span> <span class='ocrx_word' id='word_1_212' title='bbox 455 2795 482 2850; x_wconf 91' lang='lat' dir='ltr'><strong>ei</strong></span> <span class='ocrx_word' id='word_1_213' title='bbox 494 2797 680 2866; x_wconf 91' lang='lat' dir='ltr'><strong>imponemus.</strong></span> 
     </span>
    </p>

    <p class='ocr_par' dir='ltr' id='par_1_9' title="bbox 298 2882 1421 3390">
     <span class='ocr_line' id='line_1_26' title="bbox 334 2882 1353 2955; baseline 0.002 -19"><span class='ocrx_word' id='word_1_214' title='bbox 334 2884 361 2936; x_wconf 85' lang='grc'><strong>6.</strong></span> <span class='ocrx_word' id='word_1_215' title='bbox 387 2882 459 2947; x_wconf 87' lang='lat' dir='ltr'><strong>Hoc,</strong></span> <span class='ocrx_word' id='word_1_216' title='bbox 472 2884 549 2954; x_wconf 89' lang='lat' dir='ltr'><strong>quod</strong></span> <span class='ocrx_word' id='word_1_217' title='bbox 561 2902 613 2939; x_wconf 86' lang='lat' dir='ltr'><strong>nos</strong></span> <span class='ocrx_word' id='word_1_218' title='bbox 625 2888 784 2939; x_wconf 76' lang='lat' dir='ltr'><strong>antecessor</strong></span> <span class='ocrx_word' id='word_1_219' title='bbox 796 2888 900 2950; x_wconf 89' lang='lat' dir='ltr'><strong>noster,</strong></span> <span class='ocrx_word' id='word_1_220' title='bbox 912 2901 964 2939; x_wconf 88' lang='lat' dir='ltr'><strong>rex</strong></span> <span class='ocrx_word' id='word_1_221' title='bbox 974 2884 1021 2939; x_wconf 84' lang='lat' dir='ltr'><strong>rel</strong></span> <span class='ocrx_word' id='word_1_222' title='bbox 1032 2883 1194 2955; x_wconf 88' lang='lat' dir='ltr'><strong>imperator,</strong></span> <span class='ocrx_word' id='word_1_223' title='bbox 1206 2882 1353 2955; x_wconf 86' lang='lat' dir='ltr'><strong>episcopis,</strong></span> 
     </span>
     <span class='ocr_line' id='line_1_27' title="bbox 298 2969 1421 3043; baseline 0 -20"><span class='ocrx_word' id='word_1_224' title='bbox 298 2969 421 3024; x_wconf 89' lang='lat' dir='ltr'><strong>ecclesiis</strong></span> <span class='ocrx_word' id='word_1_225' title='bbox 433 2970 479 3024; x_wconf 90' lang='lat' dir='ltr'><strong>vel</strong></span> <span class='ocrx_word' id='word_1_226' title='bbox 490 2970 654 3025; x_wconf 88' lang='lat' dir='ltr'><strong>civitatibus</strong></span> <span class='ocrx_word' id='word_1_227' title='bbox 666 2971 712 3025; x_wconf 89' lang='lat' dir='ltr'><strong>vel</strong></span> <span class='ocrx_word' id='word_1_228' title='bbox 723 2970 787 3026; x_wconf 86' lang='lat' dir='ltr'><strong>aliis</strong></span> <span class='ocrx_word' id='word_1_229' title='bbox 799 2970 1023 3043; x_wconf 90' lang='lat' dir='ltr'><strong>quibuscumque</strong></span> <span class='ocrx_word' id='word_1_230' title='bbox 1040 2970 1175 3042; x_wconf 88' lang='lat' dir='ltr'><strong>personis,</strong></span> <span class='ocrx_word' id='word_1_231' title='bbox 1187 2970 1296 3025; x_wconf 89' lang='lat' dir='ltr'><strong>clericis</strong></span> <span class='ocrx_word' id='word_1_232' title='bbox 1308 2970 1354 3025; x_wconf 81' lang='lat' dir='ltr'><strong>vel</strong></span> <span class='ocrx_word' id='word_1_233' title='bbox 1415 3024 1421 3031; x_wconf 83' lang='grc'><strong>,</strong></span> 
     </span>
     <span class='ocr_line' id='line_1_28' title="bbox 298 3056 1354 3129; baseline 0.001 -18"><span class='ocrx_word' id='word_1_234' title='bbox 298 3056 386 3123; x_wconf 88' lang='lat' dir='ltr'><strong>laicis,</strong></span> <span class='ocrx_word' id='word_1_235' title='bbox 407 3061 473 3112; x_wconf 92' lang='lat' dir='ltr'><strong>ante</strong></span> <span class='ocrx_word' id='word_1_236' title='bbox 492 3060 604 3129; x_wconf 86' lang='lat' dir='ltr'><strong>tempus</strong></span> <span class='ocrx_word' id='word_1_237' title='bbox 623 3074 740 3129; x_wconf 76' lang='lat' dir='ltr'><strong>guerrae</strong></span> <span class='ocrx_word' id='word_1_238' title='bbox 759 3058 839 3112; x_wconf 91' lang='lat' dir='ltr'><strong>dedit</strong></span> <span class='ocrx_word' id='word_1_239' title='bbox 855 3059 901 3113; x_wconf 84' lang='lat' dir='ltr'><strong>vel</strong></span> <span class='ocrx_word' id='word_1_240' title='bbox 917 3057 1046 3128; x_wconf 90' lang='lat' dir='ltr'><strong>quolibet</strong></span> <span class='ocrx_word' id='word_1_241' title='bbox 1062 3057 1250 3113; x_wconf 87' lang='lat' dir='ltr'><strong>concessionis</strong></span> <span class='ocrx_word' id='word_1_242' title='bbox 1266 3056 1354 3112; x_wconf 91' lang='lat' dir='ltr'><strong>titulo</strong></span> 
     </span>
     <span class='ocr_line' id='line_1_29' title="bbox 298 3144 1355 3216; baseline 0.001 -18"><span class='ocrx_word' id='word_1_243' title='bbox 298 3145 443 3210; x_wconf 90' lang='lat' dir='ltr'><strong>concessit,</strong></span> <span class='ocrx_word' id='word_1_244' title='bbox 455 3145 570 3199; x_wconf 87' lang='lat' dir='ltr'><strong>firmum</strong></span> <span class='ocrx_word' id='word_1_245' title='bbox 581 3147 611 3199; x_wconf 86' lang='lat' dir='ltr'><strong>et</strong></span> <span class='ocrx_word' id='word_1_246' title='bbox 622 3149 717 3200; x_wconf 88' lang='lat' dir='ltr'><strong>ratum</strong></span> <span class='ocrx_word' id='word_1_247' title='bbox 729 3144 876 3211; x_wconf 89' lang='lat' dir='ltr'><strong>habemus,</strong></span> <span class='ocrx_word' id='word_1_248' title='bbox 888 3145 974 3200; x_wconf 90' lang='lat' dir='ltr'><strong>salvis</strong></span> <span class='ocrx_word' id='word_1_249' title='bbox 991 3145 1183 3216; x_wconf 89' lang='lat' dir='ltr'><strong>superioribus</strong></span> <span class='ocrx_word' id='word_1_250' title='bbox 1199 3144 1355 3200; x_wconf 82' lang='lat' dir='ltr'><strong>concessio·</strong></span> 
     </span>
     <span class='ocr_line' id='line_1_30' title="bbox 299 3230 1353 3304; baseline 0 -19"><span class='ocrx_word' id='word_1_251' title='bbox 299 3231 392 3286; x_wconf 90' lang='lat' dir='ltr'><strong>nibus.</strong></span> <span class='ocrx_word' id='word_1_252' title='bbox 428 3232 467 3286; x_wconf 82' lang='lat' dir='ltr'><strong>Et</strong></span> <span class='ocrx_word' id='word_1_253' title='bbox 478 3249 530 3304; x_wconf 89' lang='lat' dir='ltr'><strong>pro</strong></span> <span class='ocrx_word' id='word_1_254' title='bbox 541 3248 575 3287; x_wconf 89' lang='lat' dir='ltr'><strong>eo</strong></span> <span class='ocrx_word' id='word_1_255' title='bbox 587 3231 672 3288; x_wconf 89' lang='lat' dir='ltr'><strong>solita</strong></span> <span class='ocrx_word' id='word_1_256' title='bbox 682 3232 799 3288; x_wconf 82' lang='lat' dir='ltr'><strong>servitia</strong></span> <span class='ocrx_word' id='word_1_257' title='bbox 809 3232 894 3287; x_wconf 92' lang='lat' dir='ltr'><strong>nobis</strong></span> <span class='ocrx_word' id='word_1_258' title='bbox 905 3230 1103 3299; x_wconf 87' lang='lat' dir='ltr'><strong>exhibeantur,</strong></span> <span class='ocrx_word' id='word_1_259' title='bbox 1115 3231 1166 3286; x_wconf 90' lang='lat' dir='ltr'><strong>sed</strong></span> <span class='ocrx_word' id='word_1_260' title='bbox 1179 3246 1281 3286; x_wconf 88' lang='lat' dir='ltr'><strong>census</strong></span> <span class='ocrx_word' id='word_1_261' title='bbox 1296 3247 1353 3285; x_wconf 91' lang='lat' dir='ltr'><strong>non</strong></span> 
     </span>
     <span class='ocr_line' id='line_1_31' title="bbox 298 3323 465 3390; baseline -0.012 -15"><span class='ocrx_word' id='word_1_262' title='bbox 298 3323 465 3390; x_wconf 88' lang='lat' dir='ltr'><strong>praestetur.</strong></span> 
     </span>
    </p>

    <p class='ocr_par' dir='ltr' id='par_1_10' title="bbox 299 3405 1355 3652">
     <span class='ocr_line' id='line_1_32' title="bbox 335 3405 1354 3479; baseline -0.002 -17"><span class='ocrx_word' id='word_1_263' title='bbox 335 3408 360 3462; x_wconf 86' lang='grc'><strong>7.</strong></span> <span class='ocrx_word' id='word_1_264' title='bbox 385 3406 609 3463; x_wconf 80' lang='lat' dir='ltr'><strong>commoditates</strong></span> <span class='ocrx_word' id='word_1_265' title='bbox 621 3424 692 3478; x_wconf 88' lang='lat' dir='ltr'><strong>quas</strong></span> <span class='ocrx_word' id='word_1_266' title='bbox 704 3424 755 3479; x_wconf 91' lang='lat' dir='ltr'><strong>pro</strong></span> <span class='ocrx_word' id='word_1_267' title='bbox 766 3406 843 3462; x_wconf 88' lang='lat' dir='ltr'><strong>bono</strong></span> <span class='ocrx_word' id='word_1_268' title='bbox 854 3406 932 3477; x_wconf 91' lang='lat' dir='ltr'><strong>pacis</strong></span> <span class='ocrx_word' id='word_1_269' title='bbox 943 3406 1108 3461; x_wconf 81' lang='lat' dir='ltr'><strong>civitatibus</strong></span> <span class='ocrx_word' id='word_1_270' title='bbox 1118 3405 1307 3462; x_wconf 73' lang='lat' dir='ltr'><strong>consumimus</strong></span> <span class='ocrx_word' id='word_1_271' title='bbox 1322 3405 1354 3460; x_wconf 90' lang='lat' dir='ltr'><strong>in</strong></span> 
     </span>
     <span class='ocr_line' id='line_1_33' title="bbox 299 3491 1355 3565; baseline 0.002 -19"><span class='ocrx_word' id='word_1_272' title='bbox 299 3491 414 3549; x_wconf 86' lang='lat' dir='ltr'><strong>civitate</strong></span> <span class='ocrx_word' id='word_1_273' title='bbox 431 3494 477 3549; x_wconf 84' lang='lat' dir='ltr'><strong>vel</strong></span> <span class='ocrx_word' id='word_1_274' title='bbox 494 3500 586 3564; x_wconf 84' lang='lat' dir='ltr'><strong>extra,</strong></span> <span class='ocrx_word' id='word_1_275' title='bbox 600 3495 712 3550; x_wconf 91' lang='lat' dir='ltr'><strong>illorum</strong></span> <span class='ocrx_word' id='word_1_276' title='bbox 725 3494 865 3565; x_wconf 80' lang='lat' dir='ltr'><strong>regalium</strong></span> <span class='ocrx_word' id='word_1_277' title='bbox 880 3492 995 3549; x_wconf 89' lang='lat' dir='ltr'><strong>nomine</strong></span> <span class='ocrx_word' id='word_1_278' title='bbox 1012 3510 1071 3548; x_wconf 92' lang='lat' dir='ltr'><strong>non</strong></span> <span class='ocrx_word' id='word_1_279' title='bbox 1088 3492 1288 3565; x_wconf 73' lang='lat' dir='ltr'><strong>intellegimus,</strong></span> <span class='ocrx_word' id='word_1_280' title='bbox 1302 3508 1355 3563; x_wconf 91' lang='lat' dir='ltr'><strong>pro</strong></span> 
     </span>
     <span class='ocr_line' id='line_1_34' title="bbox 299 3580 768 3652; baseline 0 -17"><span class='ocrx_word' id='word_1_281' title='bbox 299 3580 403 3652; x_wconf 87' lang='lat' dir='ltr'><strong>quibus</strong></span> <span class='ocrx_word' id='word_1_282' title='bbox 413 3596 513 3637; x_wconf 88' lang='lat' dir='ltr'><strong>census</strong></span> <span class='ocrx_word' id='word_1_283' title='bbox 526 3581 611 3637; x_wconf 89' lang='lat' dir='ltr'><strong>debet</strong></span> <span class='ocrx_word' id='word_1_284' title='bbox 622 3581 768 3652; x_wconf 87' lang='lat' dir='ltr'><strong>praestari.</strong></span> 
     </span>
    </p>

    <p class='ocr_par' dir='ltr' id='par_1_11' title="bbox 300 3666 1357 3915">
     <span class='ocr_line' id='line_1_35' title="bbox 336 3666 1356 3740; baseline -0.001 -18"><span class='ocrx_word' id='word_1_285' title='bbox 336 3669 363 3722; x_wconf 88' lang='lat'><strong>8.</strong></span> <span class='ocrx_word' id='word_1_286' title='bbox 389 3668 543 3740; x_wconf 78' lang='lat' dir='ltr'><strong>Privilegia</strong></span> <span class='ocrx_word' id='word_1_287' title='bbox 565 3668 663 3724; x_wconf 84' lang='lat' dir='ltr'><strong>omnia</strong></span> <span class='ocrx_word' id='word_1_288' title='bbox 685 3673 715 3725; x_wconf 89' lang='lat' dir='ltr'><strong>et</strong></span> <span class='ocrx_word' id='word_1_289' title='bbox 739 3668 808 3723; x_wconf 89' lang='lat' dir='ltr'><strong>data</strong></span> <span class='ocrx_word' id='word_1_290' title='bbox 828 3670 858 3722; x_wconf 89' lang='lat' dir='ltr'><strong>et</strong></span> <span class='ocrx_word' id='word_1_291' title='bbox 877 3666 1078 3740; x_wconf 86' lang='lat' dir='ltr'><strong>concessiones,</strong></span> <span class='ocrx_word' id='word_1_292' title='bbox 1096 3684 1168 3739; x_wconf 89' lang='lat' dir='ltr'><strong>quae</strong></span> <span class='ocrx_word' id='word_1_293' title='bbox 1191 3668 1224 3722; x_wconf 89' lang='lat' dir='ltr'><strong>in</strong></span> <span class='ocrx_word' id='word_1_294' title='bbox 1245 3667 1356 3739; x_wconf 77' lang='lat' dir='ltr'><strong>praeju-</strong></span> 
     </span>
     <span class='ocr_line' id='line_1_36' title="bbox 301 3753 1357 3825; baseline -0.001 -16"><span class='ocrx_word' id='word_1_295' title='bbox 301 3754 408 3810; x_wconf 91' lang='lat' dir='ltr'><strong>dicium</strong></span> <span class='ocrx_word' id='word_1_296' title='bbox 425 3759 455 3811; x_wconf 89' lang='lat' dir='ltr'><strong>et</strong></span> <span class='ocrx_word' id='word_1_297' title='bbox 472 3756 609 3811; x_wconf 89' lang='lat' dir='ltr'><strong>damnum</strong></span> <span class='ocrx_word' id='word_1_298' title='bbox 626 3754 775 3810; x_wconf 83' lang='lat' dir='ltr'><strong>civitatum</strong></span> <span class='ocrx_word' id='word_1_299' title='bbox 795 3756 842 3810; x_wconf 83' lang='lat' dir='ltr'><strong>vel</strong></span> <span class='ocrx_word' id='word_1_300' title='bbox 859 3755 985 3809; x_wconf 89' lang='lat' dir='ltr'><strong>locorum</strong></span> <span class='ocrx_word' id='word_1_301' title='bbox 1002 3754 1048 3809; x_wconf 86' lang='lat' dir='ltr'><strong>vel</strong></span> <span class='ocrx_word' id='word_1_302' title='bbox 1065 3771 1250 3825; x_wconf 88' lang='lat' dir='ltr'><strong>personarum</strong></span> <span class='ocrx_word' id='word_1_303' title='bbox 1268 3753 1357 3809; x_wconf 86' lang='lat' dir='ltr'><strong>socie·</strong></span> 
     </span>
     <span class='ocr_line' id='line_1_37' title="bbox 300 3841 1356 3915; baseline -0.002 -17"><span class='ocrx_word' id='word_1_304' title='bbox 300 3843 369 3898; x_wconf 87' lang='lat' dir='ltr'><strong>tatis</strong></span> <span class='ocrx_word' id='word_1_305' title='bbox 387 3843 532 3898; x_wconf 86' lang='lat' dir='ltr'><strong>occasione</strong></span> <span class='ocrx_word' id='word_1_306' title='bbox 546 3859 664 3914; x_wconf 79' lang='lat' dir='ltr'><strong>guerrae</strong></span> <span class='ocrx_word' id='word_1_307' title='bbox 681 3842 712 3897; x_wconf 93' lang='lat' dir='ltr'><strong>in</strong></span> <span class='ocrx_word' id='word_1_308' title='bbox 726 3842 863 3915; x_wconf 85' lang='lat' dir='ltr'><strong>injuriam</strong></span> <span class='ocrx_word' id='word_1_309' title='bbox 877 3842 999 3913; x_wconf 78' lang='lat' dir='ltr'><strong>alicujus</strong></span> <span class='ocrx_word' id='word_1_310' title='bbox 1011 3841 1221 3912; x_wconf 89' lang='lat' dir='ltr'><strong>praedictorum</strong></span> <span class='ocrx_word' id='word_1_311' title='bbox 1238 3858 1256 3896; x_wconf 87' lang='lat' dir='ltr'><strong>a</strong></span> <span class='ocrx_word' id='word_1_312' title='bbox 1272 3841 1356 3896; x_wconf 89' lang='lat' dir='ltr'><strong>nobis</strong></span> 
     </span>
    </p>

    <p class='ocr_par' dir='ltr' id='par_1_12' title="bbox 300 3927 1356 3998">
     <span class='ocr_line' id='line_1_38' title="bbox 300 3927 1356 3998; baseline -0.003 -13"><span class='ocrx_word' id='word_1_313' title='bbox 300 3931 346 3985; x_wconf 82' lang='lat' dir='ltr'><strong>vel</strong></span> <span class='ocrx_word' id='word_1_314' title='bbox 363 3948 381 3986; x_wconf 88' lang='lat' dir='ltr'><strong>a</strong></span> <span class='ocrx_word' id='word_1_315' title='bbox 399 3930 510 3986; x_wconf 89' lang='lat' dir='ltr'><strong>nuntiis</strong></span> <span class='ocrx_word' id='word_1_316' title='bbox 527 3930 633 3987; x_wconf 85' lang='lat' dir='ltr'><strong>nostris</strong></span> <span class='ocrx_word' id='word_1_317' title='bbox 651 3929 764 3985; x_wconf 87' lang='lat' dir='ltr'><strong>indulta</strong></span> <span class='ocrx_word' id='word_1_318' title='bbox 781 3933 857 3998; x_wconf 82' lang='lat' dir='ltr'><strong>sunt,</strong></span> <span class='ocrx_word' id='word_1_319' title='bbox 872 3931 1018 3985; x_wconf 71' lang='lat' dir='ltr'><strong>ementur</strong></span> <span class='ocrx_word' id='word_1_320' title='bbox 1034 3932 1065 3984; x_wconf 83' lang='lat' dir='ltr'><strong>et</strong></span> <span class='ocrx_word' id='word_1_321' title='bbox 1081 3928 1113 3983; x_wconf 89' lang='lat' dir='ltr'><strong>in</strong></span> <span class='ocrx_word' id='word_1_322' title='bbox 1125 3927 1248 3985; x_wconf 78' lang='lat' dir='ltr'><strong>‚irritum</strong></span> <span class='ocrx_word' id='word_1_323' title='bbox 1268 3927 1356 3983; x_wconf 87' lang='lat' dir='ltr'><strong>dedn-</strong></span> 
     </span>
    </p>

    <p class='ocr_par' dir='ltr' id='par_1_13' title="bbox 301 4021 1390 4074">
     <span class='ocr_line' id='line_1_39' title="bbox 301 4021 1390 4074; baseline 0.003 -2"><span class='ocrx_word' id='word_1_324' title='bbox 301 4021 410 4074; x_wconf 77' lang='lat' dir='ltr'><strong>cantur.</strong></span> <span class='ocrx_word' id='word_1_325' title='bbox 889 4047 898 4065; x_wconf 70' lang='grc' dir='ltr'><strong><em>ο</em></strong></span> <span class='ocrx_word' id='word_1_326' title='bbox 926 4046 935 4063; x_wconf 91' lang='lat'><strong>·</strong></span> <span class='ocrx_word' id='word_1_327' title='bbox 1072 4041 1081 4056; x_wconf 85' lang='lat'><strong>·</strong></span> <span class='ocrx_word' id='word_1_328' title='bbox 1119 4037 1128 4056; x_wconf 92' lang='lat'><strong>·</strong></span> <span class='ocrx_word' id='word_1_329' title='bbox 1385 4030 1390 4037; x_wconf 82' lang='lat'>&#39;</span> 
     </span>
    </p>
   </div>
   <div class='ocr_carea' id='block_1_3' title="bbox 0 0 1659 4809">
    <p class='ocr_par' dir='ltr' id='par_1_14' title="bbox 0 0 1659 4809">
     <span class='ocr_line' id='line_1_40' title="bbox 0 0 1659 4809; baseline 0 0"><span class='ocrx_word' id='word_1_330' title='bbox 0 0 1659 4809; x_wconf 95' lang='lat' dir='ltr'><strong> </strong></span> 
     </span>
    </p>
   </div>
  </div>
 </body>
</html>
