3292 4809
312 617 356 681 64
526 632 664 681 snnncr
685 631 892 681 nnnrnvnn
917 632 1148 681 nocnunurs.

313 801 397 867 Post
417 801 670 867 investitionem
690 821 771 866 vero
795 792 990 865 canonicam
1013 802 1297 867 consecrationem
1318 825 1368 867 ac·

312 906 439 991 cipiant
468 904 510 970 ab
539 905 694 991 episcopo
724 903 768 968 ad
798 925 900 989 quem
929 905 1163 989 pertinuerint.
1224 905 1260 970 Si
1291 909 1367 991 quis

312 1017 459 1076 autema
474 1007 563 1074 clero
585 1014 621 1073 et
641 1008 768 1094 populo
790 1015 902 1093 preter
924 1015 1023 1073 tuum
1044 1029 1217 1074 assensum
1239 1010 1366 1075 electus

311 1113 425 1191 fuerit,
440 1113 505 1178 nisi
521 1133 540 1177 a
555 1118 589 1177 te
604 1113 816 1188 investiatur,
829 1132 849 1175 a
864 1113 997 1177 nemine
1013 1120 1237 1178 consecretur.
1278 1113 1365 1179 Sane

312 1219 457 1303 episcopi
472 1223 507 1282 et
522 1215 761 1301 archiepiscopi
777 1215 968 1280 libertatem
990 1215 1145 1294 habeant,
1161 1238 1181 1281 a
1204 1224 1237 1282 te
1261 1218 1367 1283 inves-

311 1323 392 1388 titos
404 1322 576 1408 episcopos
588 1321 645 1387 vel
655 1319 791 1386 abbates
803 1320 963 1386 canonice
976 1320 1212 1407 consecrandy.
1247 1320 1367 1386 Prede-

312 1447 457 1493 cessores
472 1426 562 1490 enim
576 1426 680 1490 vestri
699 1425 857 1491 ecclesias
879 1424 976 1511 regni
998 1425 1052 1489 sui
1075 1426 1178 1489 tantis
1201 1426 1365 1512 regalium

311 1551 450 1595 suorum
464 1528 634 1594 benefieiis
650 1529 865 1614 ampliarunt,
881 1534 921 1593 ut
935 1549 1078 1615 regnum
1093 1530 1203 1614 ipsum
1220 1531 1364 1596 maxime

311 1639 542 1724 episcoporum
557 1635 711 1723 presidiis
727 1635 782 1701 vel
798 1633 956 1700 abbatum
979 1642 1133 1720 oporteat
1155 1638 1364 1714 communiri,

211 1814 216 1821 ,
310 1741 488 1828 populares
503 1740 736 1817 dissensiones,
753 1760 818 1824 que
834 1740 871 1803 in
894 1738 1113 1804 electionibus
1136 1760 1214 1825 sepe
1237 1742 1365 1804 contin·

310 1854 409 1934 gunt,
435 1849 541 1936 regali
572 1855 726 1934 oporteat
754 1848 929 1933 majestate
956 1849 1131 1934 compesci.
1187 1847 1296 1928 Quam
1324 1849 1366 1914 ob

310 1973 382 2017 rem
397 1951 595 2037 prudentiae
610 1960 646 2018 et
660 1952 837 2038 potestatis
860 1959 938 2018 tuae
962 1973 1043 2018 cura
1064 1952 1165 2018 debet
1186 1952 1365 2018 sollicitius

310 2055 493 2134 imminere,
508 2065 550 2121 ut
564 2057 715 2122 Romane
736 2056 875 2121 ecclesie
899 2055 1106 2143 magnitudo,
1122 2063 1158 2122 et
1179 2065 1366 2121 ceterarum

310 2161 400 2226 salus
415 2168 587 2247 prestante
604 2160 749 2225 Domino
761 2159 930 2226 beneficiis
941 2161 1125 2246 potioribus
1138 2169 1364 2227 conservetur.

310 2261 348 2329 si
363 2285 430 2349 qua
445 2265 551 2352 igitur
566 2263 789 2330 ecclesiastica
803 2265 1005 2330 secularisve
1020 2285 1162 2349 persona
1184 2264 1270 2329 hano
1293 2285 1366 2328 nos·

310 2374 362 2433 tre
385 2369 609 2434 concessionis
631 2369 791 2455 paginam
812 2370 931 2446 sciens,
955 2376 1072 2433 contra
1093 2390 1167 2434 eam
1189 2370 1365 2434 temerario

310 2492 395 2537 ausu
418 2472 532 2538 venire
555 2474 783 2557 temptaverit,
800 2472 1022 2538 anathematis
1038 2472 1185 2549 vinculo,
1202 2473 1267 2537 nisi
1289 2474 1365 2537 resi-

310 2575 647 2661 puerit-innodetur,
670 2576 874 2661 honorisque
905 2598 943 2641 ac
973 2575 1149 2662 dignitatis
1176 2578 1363 2661 periculum

309 2680 467 2766 patiatur.
513 2679 740 2746 Observantes
766 2686 881 2745 autem
907 2680 1134 2745 misericordia
1156 2680 1272 2745 divina
1295 2684 1365 2745 ou's

310 2782 429 2861 todiat,
445 2790 482 2849 et
495 2804 669 2868 personam
684 2784 955 2869 potestatemque
971 2790 1066 2848 tuam
1080 2783 1124 2848 ad
1145 2783 1307 2849 honorem
1329 2791 1365 2849 et

309 2887 452 2977 gloriam
466 2907 561 2953 suam
575 2884 723 2954 feliciter
737 2888 901 2973 imperare
916 2886 1088 2953 concedat.
1132 2887 1254 2953 Amen.

764 3128 903 3158 -οοο-

343 3318 520 3383 aarum
547 3318 705 3383 courum
731 3320 882 3382 1111111Ιὸ
911 3318 1114 3382 PBIVILEGE
1144 3317 1188 3381 OF
1214 3317 1331 3381 APBIL

612 3445 749 3518 12,1111
776 3444 886 3525 (March
907 3444 950 3518 18,
972 3444 1067 3525 1112).

666 3603 711 3665 [Μ.
722 3604 751 3653 G.
761 3606 804 3662 H.,
815 3606 865 3652 LL.
877 3606 910 3652 11.
921 3619 944 3663 a,
955 3603 1018 3665 lsi]

353 3733 457 3799 Anno
483 3731 525 3798 ab
550 3731 779 3796 incarnatione
806 3731 944 3795 Domini
970 3729 1066 3794 1112.
1094 3730 1196 3796 indic.
1219 3728 1250 3793 5.
1274 3751 1363 3795 anno

310 3835 362 3901 13.
378 3836 595 3922 pontificatus
618 3833 701 3898 dicti
716 3834 876 3918 pontifici,
893 3856 1005 3899 mense
1023 3834 1157 3910 Marti0,
1174 3832 1226 3897 15.
1243 3834 1364 3900 Kalen·

310 3939 369 4005 das
385 3940 532 4026 Apriles
545 3937 751 4003 celebratum
767 3945 819 4003 est
834 3938 1014 4002 concilium
1029 3938 1165 4012 Romae,
1178 3937 1363 4013 Lateranis,

309 4044 346 4108 in
360 4042 496 4110 basilica
511 4040 804 4118 Constantiniana,
819 4041 856 4103 in
871 4062 939 4127 quo
955 4061 1033 4106 oum
1048 4039 1206 4139 dominus
1222 4039 1365 4106 Pascha-
