3292 4809
543 630 619 680 run
640 630 943 681 nonunsranrns
966 632 1111 682 rnnron.
1308 617 1350 686 75

341 799 473 885 Itaque,
489 800 626 885 quando
640 800 769 886 placuit
784 801 927 867 terribili
942 809 977 868 et
995 802 1026 867 ei
1045 803 1105 888 qui
1123 802 1237 871 aufert
1258 805 1352 890 spiri·

297 911 371 969 tum
400 905 600 990 principum,
627 904 768 971 terribili
798 904 889 990 apud
917 927 1013 991 reges
1039 913 1159 985 terrae,
1186 909 1222 972 in
1252 909 1350 994 cujus

297 1028 400 1073 manu
425 1015 507 1073 sunt
536 1009 686 1073 omnium
715 1015 900 1094 potestates
930 1017 967 1075 et
996 1011 1146 1075 omnium
1175 1012 1251 1097 jura
1279 1034 1350 1099 reg·

296 1132 426 1189 norum,
449 1111 558 1177 felicis
582 1113 759 1179 memoriae
783 1120 944 1198 patruum
974 1135 1013 1179 ac
1045 1116 1245 1181 nutritorem
1277 1137 1351 1181 nos·

296 1222 396 1293 trum,
426 1215 611 1303 gloriosum
642 1217 869 1282 Romanorum
898 1239 1012 1304 regem
1043 1218 1278 1304 C(onradum)
1307 1219 1349 1286 de

295 1320 444 1406 presenti
459 1321 531 1386 vita
545 1342 693 1398 evocare,
709 1322 858 1388 universi
872 1323 1039 1407 principes
1053 1324 1160 1410 regni,
1176 1330 1349 1410 tamquam

296 1423 411 1489 divino
435 1425 557 1510 spiritu
579 1426 742 1503 suscitati,
766 1424 808 1491 17
831 1425 885 1492 die
907 1432 984 1511 post
1010 1425 1253 1512 depositionem
1276 1429 1348 1514 ejus

295 1528 332 1592 in
354 1527 515 1613 oppidum
538 1528 797 1595 Frankenevurt
819 1536 889 1595 tam
910 1552 972 1616 per
995 1552 1030 1598 se
1052 1532 1142 1616 ipsos
1165 1552 1267 1617 quam
1289 1555 1350 1618 per

295 1633 503 1718 responsales
531 1633 711 1699 honoratos
746 1641 986 1712 convenerunt,
1017 1641 1053 1700 et
1088 1635 1213 1720 absque
1243 1636 1348 1702 ullius

295 1757 406 1802 morae
421 1736 598 1822 interjecto
613 1738 725 1822 spacio
741 1737 857 1803 eadem
874 1737 928 1803 die
944 1759 1022 1804 cum
1036 1739 1167 1827 ingenti
1183 1739 1348 1806 divinitus

296 1840 374 1906 data
397 1840 575 1906 concordia
601 1842 665 1927 ipsi
690 1842 859 1927 principes
882 1850 918 1908 et
944 1844 1068 1910 caeteri
1094 1865 1247 1929 proceres
1269 1866 1348 1910 cum

295 1946 399 2011 totius
417 1945 535 2031 populi
555 1944 668 2011 favore
687 1952 722 2011 et
737 1946 909 2012 alacritate
929 1968 991 2012 nos
1005 1948 1042 2011 in
1057 1948 1154 2034 regni
1173 1947 1348 2035 fastigium

295 2049 482 2137 elegerunt.
535 2048 665 2129 Quinta
694 2050 908 2134 postmodum
939 2051 1002 2129 die,
1032 2050 1069 2115 id
1099 2058 1150 2117 est
1180 2058 1348 2117 transacta

294 2155 445 2239 proxime
475 2153 644 2219 mediante
675 2154 941 2242 quadragesima,
968 2155 1040 2240 pari
1066 2162 1102 2221 et
1131 2155 1249 2222 eodem
1274 2177 1348 2220 con·

280 2269 396 2326 'censu
428 2282 505 2327 cum
538 2258 695 2325 benivola
728 2258 848 2344 populi
881 2258 1120 2321 acclamatione
1154 2258 1191 2321 in
1223 2260 1346 2345 oppido

296 2364 503 2450 Aquisgrani
538 2386 598 2430 nos
634 2386 695 2451 per
727 2365 966 2430 sacratissimas
999 2363 1115 2430 devoti
1147 2363 1209 2427 filii
1242 2365 1347 2430 vestri

295 2468 480 2553 A(rnoldi)
513 2467 722 2535 Coloniensis
756 2468 1006 2554 metropolitani
1038 2474 1074 2533 et
1102 2467 1347 2534 venerabilium

294 2573 524 2658 episcoporum
541 2594 660 2639 manus
679 2574 752 2638 oleo
770 2572 1044 2638 sanctificationis
1064 2572 1222 2658 regaliter
1244 2593 1348 2637 unxe-

294 2684 375 2742 runt
396 2684 432 2743 et
453 2678 489 2741 in
507 2676 591 2743 solio
606 2678 701 2764 regni
717 2699 795 2742 cum
809 2676 1041 2742 benedictione
1055 2675 1234 2761 sollempni
1249 2675 1348 2740 collo·

295 2788 468 2848 caverunt.
506 2780 576 2847 Nos
598 2802 678 2847 vero
702 2782 739 2845 in
764 2780 1010 2867 multiplicibus
1033 2781 1145 2868 regiae
1170 2778 1346 2868 dignitatis

294 2885 508 2964 ornamentis,
526 2884 648 2971 quibus
663 2886 785 2971 partim
801 2906 861 2971 per
875 2886 1039 2950 laicorum
1053 2884 1244 2970 principum
1259 2883 1348 2950 obse·

295 2990 375 3075 quia
403 2990 527 3076 partim
555 3011 616 3075 per
645 2989 844 3056 reverendas
877 2988 1075 3074 pontificum
1104 2987 1346 3054 benedictionis

294 3093 411 3159 vestiti
434 3115 561 3171 sumus,
586 3094 717 3181 regium
743 3094 894 3158 animum
917 3092 1100 3170 induimus,
1127 3099 1198 3157 tota
1224 3092 1346 3156 mentis

294 3198 422 3264 virtute
438 3198 661 3274 intendentes,
678 3204 719 3263 ut
732 3198 830 3284 juxta
845 3195 1062 3282 professionis
1076 3202 1209 3262 nostrae
1224 3194 1348 3259 formu-

293 3301 372 3378 lam,
385 3323 486 3387 quam
502 3302 543 3368 ab
558 3302 752 3368 orthodoxis
767 3300 959 3388 presulibus
973 3301 1009 3364 in
1025 3300 1097 3386 ipso
1112 3300 1209 3386 regni
1224 3299 1347 3364 throno

295 3412 330 3471 et
352 3407 512 3472 unctione
534 3428 628 3472 sacra
651 3407 859 3492 accepimus:
889 3405 1050 3470 honorem
1072 3402 1167 3469 vobis
1190 3409 1226 3468 et
1248 3402 1349 3487 dilec-

294 3510 431 3588 tionem,
444 3518 480 3577 et
494 3518 722 3576 sacrosanctae
738 3510 837 3575 matri
852 3516 965 3575 nostre
982 3509 1151 3574 Romanae
1167 3506 1346 3572 aecclesiae

295 3620 330 3679 et
344 3614 498 3680 omnibus
514 3614 746 3680 ecclesiasticis
767 3614 918 3700 personis
937 3619 1126 3699 promptam
1146 3617 1182 3677 et
1200 3609 1347 3675 debitam

294 3718 463 3804 justiciam
483 3740 521 3784 ao
541 3719 768 3785 defensionem
784 3718 1012 3794 exhibeamus,
1028 3716 1139 3782 viduis
1155 3736 1193 3780 ao
1208 3714 1347 3800 pupillis

295 3828 331 3887 et
353 3823 510 3889 universo
531 3822 656 3909 populo
677 3822 770 3888 nobis
789 3823 963 3888 commisso
981 3821 1092 3909 legem
1114 3826 1149 3885 et
1170 3839 1287 3906 pacem
1301 3817 1349 3883 fa·

296 3926 422 3992 ciamus
437 3934 473 3993 et
488 3948 734 3994 conservemus.

340 4029 427 4096 Cum
442 4031 533 4097 enim
548 4031 616 4097 duo
631 4031 710 4110 sint,
727 4029 848 4117 quibus
871 4030 1102 4116 principaliter
1122 4028 1178 4094 hic
1201 4026 1347 4093 mundus
