3292 4809
327 558 392 624 110
548 575 681 625 sannen
703 575 911 625 uncinum.
932 576 1161 627 noouunurs.

326 765 401 811 sore
421 750 536 811 nostro
559 750 696 830 propter
710 744 918 811 iuvasionem
940 752 976 811 et
996 745 1260 812 devastationem
1280 748 1385 832 patri·

326 848 431 914 monii
453 847 543 914 beati
565 847 670 925 Petri,
692 849 951 915 commonitione
971 870 1071 935 saepe
1091 850 1281 935 praemisse,
1301 850 1385 936 pub·

326 952 390 1018 lice
409 973 448 1018 ac
463 952 648 1018 solenniter
663 953 1018 1018 excommunicationis
1034 954 1172 1019 vinculo
1187 953 1383 1033 innodatae,

327 1078 433 1142 quum
447 1057 484 1121 in
500 1055 625 1121 Tuscia
639 1064 835 1135 moraretur,
852 1055 946 1143 quod
967 1058 1038 1143 ipse
1059 1057 1275 1143 postmodum
1292 1079 1385 1124 reco-

326 1161 455 1250 gnovit,
478 1160 561 1225 dum
581 1181 641 1245 per
663 1160 827 1226 nuncium
848 1182 948 1227 suum
971 1161 1106 1248 abipso
1129 1162 1383 1248 praedecessore

326 1271 441 1329 nostro
456 1263 676 1330 absolutionis
691 1264 890 1331 beneficium
904 1266 1100 1353 postulavit,
1115 1274 1151 1332 et
1167 1265 1383 1352 postmodum

327 1389 348 1433 a
369 1375 452 1433 tuuc
475 1366 614 1434 Sutrino
629 1369 793 1455 episcopo,
811 1391 913 1455 quem
928 1392 1007 1435 cum
1029 1370 1147 1436 abbate
1169 1371 1277 1436 sancti
1292 1370 1384 1436 Ana·

326 1472 420 1537 stasii
431 1494 492 1558 pro
503 1472 698 1538 liberatione
710 1473 911 1539 venerabilis
926 1473 1041 1539 fratris
1057 1474 1164 1539 nostri
1180 1472 1382 1539 Salernitani

327 1575 566 1663 archiepiscopi
588 1598 650 1643 nos
670 1579 707 1642 in
723 1576 950 1642 Theutoniam
965 1578 1171 1655 miseramus,
1186 1585 1303 1643 contra
1318 1577 1384 1643 for-

327 1702 416 1746 mam
430 1681 580 1748 mandati
602 1682 770 1749 nost1ide
792 1681 883 1748 facto
906 1682 1125 1761 solummodo,
1141 1683 1222 1769 quia
1243 1682 1286 1749 de
1307 1685 1382 1771 jure

327 1807 396 1852 non
425 1787 547 1872 potuit,
577 1794 654 1873 post
683 1808 779 1853 suam
809 1786 1009 1853 electionem
1038 1787 1129 1872 apud
1158 1787 1382 1854 Wormatiem

328 1891 461 1958 occulte
476 1913 511 1957 se
527 1890 610 1958 fecit
624 1891 763 1957 absolvi.
809 1890 911 1956 Unde
933 1898 1039 1976 petet,
1055 1890 1149 1977 quod
1170 1891 1238 1957 fuit
1252 1913 1383 1959 excom-

328 1995 519 2062 municatus
549 1996 688 2062 electus.
745 1995 792 2060 Et
817 1994 954 2062 videtur
984 2017 1051 2061 non
1080 1997 1258 2074 immerito,
1289 1997 1383 2083 quod

327 2100 437 2167 adhuc
452 2102 499 2167 sit
515 2122 559 2167 ex
575 2101 691 2168 eadem
713 2122 814 2168 causa
836 2102 1191 2168 excommunicationis
1213 2103 1383 2168 sententia

327 2204 518 2283 innodatus,
534 2227 641 2291 quum
655 2204 846 2291 praedictus
862 2206 1037 2291 episcopus
1059 2227 1138 2271 eum
1160 2226 1221 2272 sua
1242 2206 1384 2273 auctori-

328 2317 398 2376 tate
421 2331 490 2375 non
512 2317 626 2395 posset
641 2309 819 2388 absolvere,
837 2310 1036 2376 auctoritate
1051 2332 1132 2376 vero
1147 2317 1281 2377 nostrae
1296 2309 1383 2377 dele·

327 2416 472 2504 gationis
487 2437 549 2481 nec
564 2423 677 2502 posset
691 2417 778 2502 plus,
790 2437 852 2481 nec
868 2416 966 2483 aliter
980 2417 1097 2482 liceret
1111 2415 1174 2481 hoc
1190 2416 1264 2502 ipsi,
1280 2437 1382 2502 quam

328 2522 359 2586 ei
380 2520 493 2586 fuerat
514 2521 556 2587 ab
578 2520 762 2607 apostolica
784 2520 863 2586 sede
886 2542 1093 2587 concessum.
1139 2520 1194 2585 Ex
1216 2541 1256 2587 eo
1279 2521 1382 2586 etiam

328 2624 685 2691 excommunicationis
707 2626 893 2691 sententiae
917 2624 1087 2711 subjacere
1110 2623 1259 2690 creditur
1279 2625 1384 2691 mani·

327 2729 425 2808 feste,
449 2729 552 2816 quod,
577 2751 684 2816 quum
707 2728 855 2815 perfidus
881 2729 1109 2807 Marcualdus,
1133 2729 1200 2795 Dei
1223 2736 1258 2796 et
1281 2728 1385 2797 ecole-

327 2834 395 2901 siae
410 2834 574 2912 inimicus,
590 2855 669 2899 cum
684 2834 850 2900 universis
866 2832 1054 2901 fautoribus
1074 2840 1145 2899 tem
1161 2833 1384 2899 Theutonicis

330 2960 433 3025 quam
448 2937 588 3015 Latinis,
602 2931 957 3004 excommunicationis
970 2938 1129 3025 vulgatae
1140 2937 1286 3003 vinculis
1301 2957 1382 3003 suae

328 3042 519 3127 iniquitatis
545 3042 673 3109 meritis
698 3043 745 3108 sit
770 3041 962 3120 adstrictus,
989 3042 1079 3108 sicut
1107 3042 1174 3128 jam
1199 3041 1294 3107 vobis
1322 3062 1385 3127 per

327 3147 443 3213 literas
472 3152 602 3212 nostras
631 3146 775 3212 directas
805 3168 865 3231 per
895 3145 934 3212 P.
964 3146 1112 3233 judicem
1143 3145 1383 3238 vPlacentinum

327 3250 434 3337 ipsius
466 3250 618 3336 Philippi
647 3251 811 3316 nuncium
840 3250 1013 3316 intimasse
1044 3250 1268 3326 meminimus,
1298 3270 1384 3335 quas

327 3354 372 3419 ad
392 3354 497 3439 ipsius
521 3354 672 3440 Philippi
692 3352 899 3419 audientiam
914 3352 1080 3420 credimus
1095 3354 1296 3440 pervenisse,
1311 3354 1384 3439 ipse

327 3457 556 3535 nihilominus,
573 3458 725 3543 quamvis
744 3457 790 3534 id,
807 3479 875 3521 non
891 3464 1027 3523 tantum
1042 3479 1086 3524 ex
1100 3458 1262 3524 relatione
1278 3457 1384 3542 ipsius

328 3560 459 3648 judicis,
475 3560 535 3627 sed
551 3563 651 3627 etiam
667 3583 727 3647 per
741 3561 911 3647 publicam
927 3561 1052 3626 famam
1074 3561 1117 3627 ad
1139 3561 1295 3626 notitiam
1311 3561 1384 3647 ejus

329 3664 510 3743 devenerit,
526 3665 635 3732 eidem
654 3665 956 3731 excommunicatio
979 3686 1047 3730 non
1069 3665 1179 3731 solum
1201 3665 1384 3730 communi·

328 3777 393 3848 cat,
417 3769 478 3836 sed
501 3791 580 3836 eum
603 3770 640 3834 in
664 3770 794 3835 malitie
817 3790 880 3834 sua
902 3767 1007 3846 fovet,
1033 3776 1069 3835 et
1093 3790 1154 3855 per
1177 3768 1317 3834 nuncios
1348 3775 1384 3834 et

327 3873 443 3940 literas
467 3894 545 3939 suas
569 3874 705 3964 exacuit
729 3872 878 3938 furorem
904 3873 1019 3957 ipsius,
1044 3879 1085 3938 ut
1108 3872 1317 3938 carissimum
1347 3871 1383 3936 in

329 3975 465 4045 Christo
480 3976 588 4042 filium
603 3983 755 4042 nostrum
770 3975 989 4053 Fridericum,
1006 3974 1140 4041 Siciliae
1155 3995 1270 4063 regem
1290 3975 1385 4041 illus·
