3292 4809
560 647 635 695 rnn
657 646 914 696 onnomncran
937 649 1083 699 rnnron.
1307 634 1349 700 18

294 816 470 881 missarum
493 813 617 881 obtulit
638 816 708 901 ipse
731 817 963 883 serenissimus
985 817 1141 885 Domnus
1163 819 1351 906 Imperator

294 940 445 985 mensam
465 926 668 1007 argenteam,
684 941 762 985 cum
781 921 925 1007 pedibus
939 922 1020 1000 suis,
1035 943 1172 1008 pensan.
1187 923 1253 989 libr
1276 971 1285 988 .
1308 970 1317 988 .
1341 970 1350 989 .

756 1153 895 1182 -οοο-

380 1324 455 1387 THE
477 1323 728 1390 auctuumou
751 1324 795 1389 OF
818 1326 1095 1391 ommutuit
1117 1328 1168 1390 ΒΥ
1189 1327 1264 1390 THE

612 1426 829 1488 erasurum
851 1426 1033 1489 mmor.

347 1571 379 1631 a)
400 1570 524 1633 [Annales
533 1573 711 1621 Laurlssenses
720 1577 747 1621 et
756 1573 881 1621 Einhardi
896 1573 977 1633 (812):
993 1574 1029 1622 Μ.
1041 1574 1073 1622 G.
1085 1575 1128 1631 Η.·,
1139 1574 1184 1623 SS.
1195 1576 1216 1622 1.
1228 1573 1291 1634 lea]
1375 1602 1377 1605 ·

337 1714 510 1782 Niciiorus
530 1716 710 1802 imperator
731 1722 808 1801 post
830 1717 954 1781 multas
970 1723 1006 1782 et
1027 1717 1176 1805 insignes
1192 1718 1349 1784 victorias

290 1820 330 1884 in
361 1819 490 1886 Moesia
519 1821 702 1906 provincia,
721 1822 897 1886 commisso
926 1841 1003 1885 cum
1034 1821 1192 1909 Bulgaris
1222 1822 1359 1907 proeli0,
1459 1909 1460 1912 Ἴ

293 1924 445 2002 moritur,
458 1930 494 1990 et
508 1923 679 1989 Michahel
694 1946 797 2011 gener
808 1925 881 2010 ejus
892 1926 1071 2009 imperator
1086 1924 1207 2002 factus,
1218 1926 1349 2013 legatos

293 2028 502 2113 imperatoris
526 2029 631 2107 Karii,
648 2030 707 2114 qui
727 2028 917 2094 Niciforum
932 2029 1024 2094 missi
1047 2028 1196 2107 fuerunt,
1211 2030 1249 2093 in
1264 2029 1351 2095 Con-

292 2133 513 2218 stantinopoli
542 2134 691 2220 suscepit
717 2139 752 2199 et
782 2133 926 2199 absolvit
952 2155 1030 2199 cum
1060 2132 1183 2218 quibus
1209 2141 1246 2200 et
1270 2156 1348 2199 suos

293 2236 423 2322 legatos
444 2236 577 2315 direxit,
597 2236 803 2303 Michhalem
822 2238 953 2303 scilicet
973 2238 1175 2323 episcopum,
1196 2244 1232 2304 et
1252 2238 1351 2303 Arsa-

293 2339 375 2404 fium
405 2347 508 2426 atque
535 2341 790 2428 Theognostum
820 2342 1115 2428 protospatharios,
1142 2348 1177 2408 et
1207 2364 1349 2429 percos

293 2466 409 2530 pacem
436 2466 455 2510 a
481 2445 631 2511 Niciforo
657 2448 825 2531 inceptam
851 2446 1070 2512 confirmavit.
1115 2445 1203 2510 Nam
1227 2447 1351 2531 Aquis·
1413 2458 1416 2463 '

292 2550 400 2635 grani,
421 2549 479 2614 ubi
502 2549 546 2615 ad
567 2551 802 2636 imperatorem
818 2556 995 2627 venerunt,
1012 2551 1174 2636 scriptum
1195 2551 1286 2636 pacti
1309 2549 1351 2615 ab

294 2674 333 2718 co
362 2654 399 2717 in
428 2654 567 2720 ecclesia
596 2656 826 2741 suscipientes,
854 2677 944 2720 more
975 2676 1047 2731 suo,
1073 2654 1110 2718 id
1139 2661 1191 2720 est
1222 2653 1351 2719 Graeca

294 2756 437 2844 Lingua,
454 2758 571 2824 laudes
588 2760 619 2824 ei
642 2758 812 2835 dixerunt,
829 2758 1068 2843 Imperatorem
1084 2779 1162 2822 eum
1178 2757 1350 2823 Basileum

294 2850 510 2947 appellantes,
528 2870 563 2928 et
584 2862 783 2929 revertendo
807 2863 948 2928 Romam
963 2863 1148 2939 venientes,
1163 2862 1199 2926 in
1214 2861 1350 2926 basilica

292 2967 402 3031 sancti
417 2965 512 3031 Petri
527 2967 670 3051 apostoli
687 2966 830 3032 eundem
852 2966 944 3052 pacti
958 2987 1020 3032 seu
1034 2965 1180 3032 foederis
1197 2964 1350 3031 libellum

294 3086 314 3129 a
330 3068 441 3134 Leone
456 3090 543 3155 papa
558 3069 669 3136 denuo
684 3076 914 3156 susceperunt

405 3317 438 3378 b)
460 3319 540 3381 [rane
546 3337 552 3381 3
568 3322 625 3369 Bib.
635 3324 694 3370 Iter.
708 3321 776 3378 Ger,
788 3323 833 3369 IV.
842 3324 894 3369 415.
924 3323 978 3370 The
988 3321 1245 3369 aelectionisiroma
1293 3347 1296 3353 ·

619 3397 696 3445 letter
706 3398 733 3443 oi
743 3397 928 3456 charlemagne
941 3395 1030 3456 (813).]

339 3537 576 3605 Benedicimus
598 3538 772 3603 dominum
788 3538 901 3603 Iesum
926 3537 1100 3603 Christum
1114 3560 1233 3604 verum
1249 3537 1350 3603 deum

295 3650 448 3708 nostrum
475 3650 510 3708 et
535 3645 661 3730 gratias
687 3644 738 3707 illi
764 3644 862 3729 juxta
885 3644 1009 3708 virium
1035 3642 1291 3727 possibilitatem
1316 3648 1351 3706 et

294 3748 548 3835 intellegentiae
570 3756 703 3813 nostrae
727 3749 953 3833 quantitatem
977 3769 1019 3812 ex
1042 3753 1114 3812 toto
1141 3746 1240 3811 corde
1267 3744 1320 3811 ref
1338 3783 1351 3793 -

293 3855 409 3931 rimus,
421 3855 480 3939 qui
492 3876 552 3919 nos
564 3851 727 3919 ineffabili
738 3853 826 3917 dono
838 3852 1055 3938 benignitatis
1071 3871 1150 3916 suae
1165 3851 1201 3914 in
1216 3856 1350 3915 tantum

294 3955 418 4022 divites
441 3957 572 4023 efficere
597 3957 756 4044 dignatus
784 3963 845 4034 est,
869 3965 909 4020 ut
934 3957 970 4020 in
997 3955 1114 4020 diebus
1141 3956 1264 4020 nostris
1291 3954 1350 4019 diu

251 4085 255 4094 ·
282 4061 484 4145 ‘quaesitam
498 4069 533 4127 et
547 4083 677 4149 semper
696 4061 919 4127 desideratam
941 4082 1058 4146 pacem
1080 4060 1169 4125 inter
1188 4059 1349 4125 orientale
