3292 4809
537 607 614 655 THE
635 606 940 656 HOHENSTAUFEN
961 609 1107 659 PERIOD.
1286 591 1351 659 101

249 838 252 843 .
295 774 363 841 lem
378 795 508 861 papam.
539 774 705 840 Dominus
722 797 859 860 quoque
877 775 1047 842 Henricus
1062 799 1122 843 rex
1134 777 1224 843 filius
1236 763 1359 844 eomm'

295 873 451 944 similiter
473 901 551 945 eum
572 880 713 964 recipiet
736 880 824 944 etei
846 887 882 944 11
904 881 1078 946 catholicis
1104 882 1351 948 successoribus

295 984 364 1048 suis
381 982 529 1048 debitam
543 983 767 1048 reverentiam
779 982 950 1048 exhibebit
962 991 996 1049 et
1011 985 1248 1070 juramentum,
1260 986 1352 1070 quod

296 1087 450 1153 dominus
466 1088 646 1174 imperator
658 1087 858 1164 exhibuerit,
871 1089 1025 1153 similiter
1041 1090 1161 1175 etipse
1176 1090 1351 1176 prestabit.

285 1257 289 1266 ,
340 1192 370 1256 9.
401 1190 524 1257 Pacem
542 1199 657 1256 autem
672 1212 786 1257 veram
808 1191 921 1256 reddit
943 1190 1098 1258 dominus
1120 1193 1303 1279 imperator
1316 1202 1353 1259 11
1463 1238 1466 1245 -

295 1295 450 1361 dominus
478 1294 647 1360 Henrious
673 1317 734 1361 rex
764 1295 854 1360 filius
885 1296 957 1381 ejus
987 1296 1113 1361 illustri
1140 1297 1211 1385 regi
1237 1296 1351 1363 Sicilie

295 1421 403 1484 usque
419 1400 462 1465 ad
477 1399 548 1465 XV
564 1420 678 1476 annos,
694 1399 784 1465 11011
798 1421 859 1485 per
873 1398 1073 1466 mediatores
1092 1402 1184 1486 pacis
1200 1400 1353 1467 11101111-

294 1512 413 1569 natum
428 1510 463 1569 et
477 1503 650 1589 scriptum.
1142 1490 1145 1496 ’

339 1606 392 1671 10.
424 1606 800 1693 Constantinopolitano
812 1608 916 1673 etiam
930 1607 1123 1694 imperatori
1138 1614 1174 1674 11
1184 1609 1351 1675 universis

294 1711 504 1796 adjutoribus
520 1711 659 1777 ecclesie
675 1711 825 1777 Romane
841 1733 958 1797 pacem
972 1733 1088 1778 veram
1102 1711 1215 1778 reddit
1230 1713 1352 1778 11111-

294 1815 367 1880 lum
381 1816 509 1880 malum
524 1815 683 1881 meritum
697 1814 819 1880 reddet
836 1816 884 1880 eis
904 1837 965 1901 per
978 1837 1014 1881 se
1029 1816 1085 1881 111
1106 1838 1167 1901 per
1187 1837 1267 1883 suos
1288 1839 1350 1903 pro

266 1981 269 1987 .
294 1920 432 1985 servitio
448 1920 571 1984 collato
588 1918 727 1984 ecclesie
743 1919 903 1984 Romane.

339 2021 391 2087 11.
422 2022 475 2088 De
492 2022 637 2107 querelis
652 2030 766 2089 autem
781 2029 816 2087 et
831 2023 1078 2102 controversiis,
1095 2045 1160 2109 que
1175 2032 1254 2090 ante
1270 2031 1364 2091 tem·

294 2148 375 2213 pora
390 2125 517 2191 domini
532 2126 676 2191 Adriani
693 2126 783 2191 inter
799 2126 974 2191 ecclesiam
996 2134 1031 2193 11
1053 2128 1230 2213 imperium
1245 2136 1352 2195 11111-

294 2231 426 2308 bantur,
457 2229 655 2296 mediatores
685 2252 728 2295 ex
758 2238 854 2316 parte
885 2230 1013 2295 domini
1042 2253 1127 2317 pape
1157 2240 1193 2297 et
1222 2231 1350 2297 domini

293 2334 503 2419 imperatoris
525 2336 786 2414 constituentur,
810 2335 934 2419 quibus
955 2338 1221 2417 committantur,
1237 2347 1278 2405 ut
1293 2360 1349 2404 eas

293 2438 416 2525 juditio
430 2437 487 2504 vel
501 2436 678 2503 concordia
693 2438 887 2502 terminent.
933 2434 970 2501 Si
985 2458 1066 2503 vero
1085 2435 1228 2522 predicti
1249 2437 1351 2502 medi·

294 2550 404 2608 atores
426 2562 495 2606 non
517 2540 748 2617 convenerint
762 2538 886 2627 juditio
909 2539 1036 2604 domini
1058 2562 1142 2626 pape
1165 2548 1200 2605 11
1222 2539 1350 2605 domini

293 2646 501 2732 imperatoris
525 2645 581 2711 111
605 2645 678 2732 ejus
701 2665 762 2710 seu
785 2665 912 2722 eorum,
936 2666 1021 2730 quos
1046 2644 1089 2709 ad
1115 2644 1151 2708 id
1174 2645 1349 2732 elegerint,

295 2750 464 2816 finientur.

339 2853 392 2917 12.
423 2852 592 2919 Cristiano
622 2859 738 2918 autem
767 2852 860 2918 dioto
889 2851 1088 2918 cancellario
1124 2851 1349 2939 Maguntinus

295 2958 609 3043 archiepiscopatus
631 2959 791 3044 Philippo
807 2964 922 3023 autem
943 2957 1154 3023 Coloniensis
1169 2956 1349 3040 archiepis-

296 3069 435 3148 copatus
457 3060 687 3126 concedentur
708 3066 744 3125 et
766 3057 1054 3124 confirmabuntur
1075 3056 1123 3121 eis
1150 3077 1228 3122 oum
1257 3055 1349 3121 omni
1410 3119 1412 3124 .

295 3163 509 3253 plenitudine
539 3163 831 3249 archiepiscopalis
865 3162 1041 3248 dignitatis
1072 3168 1107 3227 11
1136 3159 1244 3226 offitii.
1304 3160 1351 3225 Et

295 3271 423 3357 primus
438 3268 754 3354 archiepiscopatus,
770 3267 831 3352 qui
846 3267 882 3330 in
897 3265 1108 3331 Theutonioo
1131 3285 1235 3351 regno
1258 3285 1351 3329 vaca

296 3369 1058 3451 11111011100011101111011111111011111
1072 3389 1158 3454 pape
1175 3375 1210 3434 et
1224 3368 1351 3432 auxilio

297 3477 424 3543 domini
453 3474 661 3562 imperatoris
691 3472 926 3561 assignabitur,
953 3474 1013 3558 qui
1042 3479 1157 3537 tamen
1182 3493 1351 3559 congruus

296 3581 462 3648 videatur.

341 3686 394 3750 13.
425 3685 467 3749 Ei
483 3692 597 3750 autem
613 3684 672 3768 qui
684 3682 808 3749 dicitur
821 3680 977 3747 Calixtus
989 3702 1056 3746 una
1065 3678 1197 3745 abbatia
1206 3677 1351 3744 dabitur.

298 3790 355 3854 Illi
381 3796 496 3855 autem
521 3789 580 3874 qui
605 3786 803 3853 dicebantur
827 3787 899 3871 ejus
923 3784 1107 3851 cardinales
1129 3782 1288 3848 redibunt
1309 3782 1354 3848 ad

298 3893 462 3978 locaque
488 3894 596 3978 primo
622 3891 824 3968 habuerunt,
849 3889 916 3954 nisi
943 3911 982 3955 11
1007 3894 1128 3974 sponte
1152 3887 1208 3953 111
1231 3885 1354 3974 juditio

299 3997 505 4074 dimiserant,
518 4004 553 4061 11
563 3996 600 4059 11
613 3993 788 4061 ordinibus
804 4015 889 4080 quos
905 4000 983 4059 ante
995 3994 1115 4058 scisma
1123 3997 1355 4077 perceperunt,

299 4103 547 4188 relinquentur.
