3292 4809
278 596 343 665 114
500 614 633 665 emmor
654 615 860 664 uuornvnn
880 614 1111 665 1111111111.

276 784 475 871 Apostolica
497 784 583 851 Sede
606 784 742 851 tenebat
763 784 800 848 in
821 783 971 862 feodum,
986 784 1055 871 jam
1077 781 1121 850 ed
1142 790 1275 850 tantam
1296 786 1333 851 in

275 889 407 956 clericis
429 896 465 955 et
485 889 590 977 laycis
615 890 880 955 exinanitionem
905 889 1173 974 servitutemque
1197 888 1333 976 redegit

276 991 369 1078 quod
398 994 446 1059 111
477 1014 561 1078 pene
592 993 728 1078 penitus
757 991 863 1058 nichil
888 990 1087 1058 habentibus
1114 998 1150 1058 et
1175 992 1332 1060 omnibus

276 1095 397 1163 exinde
413 1093 483 1163 fe're
499 1095 610 1184 probis
629 1097 754 1183 ejectis,
770 1095 847 1162 illos
869 1096 937 1181 qui·
951 1103 1184 1162 remanserunt
1206 1095 1333 1163 ibidem

275 1200 339 1268 sub
352 1200 467 1267 servili
483 1201 579 1286 quasi
594 1200 806 1266 condictione
822 1200 937 1267 vivere
952 1212 990 1266 aa
1006 1201 1191 1266 Romanam
1216 1200 1332 1267 Eccle-

275 1306 358 1371 siam
379 1305 475 1391 cujus
496 1305 727 1390 principaliter
748 1311 830 1369 sunt
850 1304 1003 1371 homines
1024 1312 1060 1371 et
1082 1304 1212 1383 vasalli,
1228 1303 1333 1371 offen*

275 1410 353 1476 dere
387 1409 621 1495 multiplieiter
650 1416 687 1475 11
718 1409 888 1475 hostiliter
914 1410 1124 1498 impugnare
1147 1410 1333 1495 compellit.

276 1513 395 1580 Posset
409 1514 511 1579 etiam
527 1514 646 1579 merito
661 1513 861 1598 reprehendi
877 1512 969 1600 quod
988 1514 1081 1580 mille
1103 1514 1333 1600 squifatorum

275 1639 422 1684 annuam
436 1618 631 1702 pensionem
645 1618 682 1682 in
697 1638 765 1703 qua
778 1639 840 1703 pro
862 1618 980 1684 eodem
1002 1639 1106 1705 regno
1129 1618 1193 1704 ipsi
1217 1618 1334 1685 Eccle-

274 1722 322 1789 sie
340 1723 490 1788 Romane
504 1729 650 1800 tenetur,
662 1743 723 1808 per
738 1743 861 1789 novem
875 1730 1029 1789 1111111
1043 1723 1185 1808 amplius
1201 1722 1333 1789 solvere

274 1826 489 1914 pretermisit.
534 1825 566 1889 N
567 1847 604 1891 os
619 1825 735 1911 itaque
755 1847 857 1911 super
872 1826 1039 1912 premissis
1055 1832 1091 1892 et
1106 1847 1209 1911 quam
1231 1826 1343 1911 pluri·¹

274 1930 336 1997 bus
352 1930 427 1996 ahie
442 1930 514 2016 ejus
530 1929 718 2015 nephandis
733 1930 925 1997 excessibus
940 1926 1018 1996 oum
1032 1928 1192 1997 iratribus
1208 1930 1333 1997 nostris

275 2041 310 2101 et
331 2056 424 2101 sacro
446 2033 585 2100 consilio
609 2033 849 2100 deliberatione
871 2033 1045 2119 prehabita
1067 2032 1234 2123 diligenti,
1254 2055 1333 2100 eum

275 2138 382 2205 Jheeu
406 2137 533 2203 Christi
556 2138 645 2203 vices
667 2138 748 2204 licet
772 2137 932 2203 immeriti
957 2145 1133 2203 teneamus
1159 2138 1195 2203 in
1222 2138 1332 2216 terris,

274 2242 437 2328 nobisque
467 2241 503 2306 in
533 2241 622 2308 beati
653 2241 747 2308 Petri
777 2242 920 2329 apostoli
946 2263 1088 2328 persona
1112 2242 1159 2308 sit
1182 2240 1331 2308 dictum:

275 2345 553 2432 “Quodcumque
569 2345 730 2433 ligaveris
745 2367 846 2432 super
860 2353 984 2412 terram
998 2346 1063 2412 erit
1081 2346 1225 2433 ligatum
1242 2351 1279 2412 et
1295 2346 1333 2411 iu

274 2449 387 2528 celis,’'
408 2456 629 2515 memoratum
650 2451 838 2536 principem
860 2450 920 2536 qui
941 2471 977 2515 se
998 2450 1138 2535 imperio
1161 2457 1198 2515 et
1218 2450 1332 2537 regnis

274 2554 433 2639 omnique
457 2554 581 2620 honore
608 2575 647 2620 11
674 2554 842 2642 dignitate
867 2553 1018 2620 reddidit
1042 2560 1113 2619 tam
1142 2553 1336 2641 indignum,

274 2659 401 2743 quique
416 2664 554 2744 propter
567 2678 646 2724 suas
660 2658 857 2744 iniquitates
875 2665 979 2743 atque
1001 2657 1127 2724 scelera
1148 2678 1169 2723 a
1191 2657 1265 2724 Deo
1286 2678 1331 2725 ne

274 2768 393 2849 regnet
406 2762 464 2829 vel
478 2762 621 2848 imperet
635 2768 688 2828 est
702 2761 863 2849 abjectus,
878 2763 948 2828 suis
968 2762 1113 2850 ligatum
1135 2761 1280 2847 peccatis
1296 2769 1334 2828 et

274 2864 442 2952 abjectum
458 2867 615 2951 omnique
631 2866 757 2932 honore
780 2888 819 2932 11
842 2866 1007 2954 dignitate
1029 2867 1201 2953 privatum
1217 2887 1243 2931 a
1265 2865 1334 2931 Do-

274 2970 366 3034 mino
382 2969 599 3049 ostendimus,
615 2970 859 3037 denunciamus
878 2992 917 3037 ao
939 2970 1177 3037 nichilominus
1198 2976 1334 3035 senten-

275 3073 394 3140 ciando
424 3074 615 3159 privamus3
647 3096 762 3141 omnes
792 3075 853 3161 qui
883 3075 912 3142 ei
943 3075 1133 3161 juramento
1158 3072 1333 3140 fidelitatis

275 3183 436 3244 tenentur
450 3178 620 3256 astricti,a
635 3179 823 3264 juramento
839 3177 1033 3266 hujusmodi
1047 3184 1212 3266 perpetuo
1227 3177 1335 3243 absol-

275 3288 412 3359 ventes3
450 3283 651 3348 auctoritate
685 3283 869 3369 apostoliea
901 3282 1042 3349 firmiter
1070 3279 1254 3348 inhibendo
1288 3303 1333 3349 ne

275 3385 454 3471 quisquam
481 3385 522 3451 de
549 3394 660 3453 cetero
686 3386 750 3453 sibi
776 3394 940 3472 tanquam
966 3386 1161 3472 imperatori
1190 3406 1230 3452 ac
1259 3386 1333 3473 regi

276 3496 391 3576 pareat
402 3490 458 3555 vel
473 3488 627 3556 intendat
639 3499 673 3556 et
684 3490 896 3557 decernendo
911 3491 1082 3577 quoslibet
1098 3490 1158 3576 qui
1173 3487 1334 3575 deinceps

276 3596 307 3658 ei
334 3597 430 3660 velut
456 3596 652 3680 imperatori
679 3603 738 3661 aut
768 3596 843 3681 regi
872 3597 1052 3662 consilium
1078 3596 1136 3665 vel
1165 3593 1334 3659 auxilium

275 3695 484 3782 prestiterint
499 3697 556 3763 vel
570 3696 731 3775 favorem,
747 3697 819 3783 ipso
834 3697 925 3765 facto
946 3699 1084 3765 vinculo
1107 3697 1335 3765 excommuni-

276 3800 415 3866 cationis
430 3800 612 3887 subjaoere.
658 3801 715 3866 Illi
730 3809 844 3868 autem
859 3802 903 3867 ad
914 3823 999 3888 quos
1009 3802 1046 3866 in
1058 3800 1177 3869 eodem
1191 3801 1334 3887 imperio

276 3904 485 3989 imperatoris
500 3913 631 3991 spectat
651 3906 781 3984 electio,
798 3906 927 3993 eligant
946 3906 1049 3973 libere
1072 3906 1178 3972 aliurn
1199 3906 1237 3970 in
1259 3904 1334 3992 ejus

274 4009 388 4075 locum
402 4031 638 4078 successorem.
684 4009 736 4077 De
752 4010 884 4096 prefato
900 4031 980 4078 vero
996 4010 1112 4077 Sicilie
1133 4030 1239 4100 regno
1260 4030 1335 4097 pro·

1511 781 1513 921 l
