3292 4809
539 598 614 647 rna
636 598 943 649 nonnusraurnu
964 600 1111 650 namon.
1289 584 1354 676 135

295 766 499 835 evidentiam
513 788 648 853 presens
663 767 828 853 scriptum
846 767 919 834 fieri
937 776 972 834 et
993 768 1088 835 bulla
1106 790 1207 837 aurea
1220 771 1353 857 typario

295 878 407 937 nostre
422 871 606 957 majestatis
622 872 782 957 impressa
796 872 956 958 jussimus
970 869 1180 938 communiri.

338 975 428 1040 Data
442 974 533 1060 apud
547 982 703 1041 sanctum
719 974 926 1041 Germanum
948 998 1037 1042 anno
1060 976 1226 1046 dominice
1240 978 1354 1058 incar·

295 1077 440 1145 nationis
456 1077 553 1158 1230,
569 1078 624 1145 die
641 1080 765 1147 mensis
781 1080 804 1146 J
805 1081 869 1145 ulii
883 1080 985 1147 tertio
1000 1080 1206 1150 indictionis.

790 1301 854 1371 IV.

341 1456 423 1523 [Jnly
433 1456 488 1523 aa]
515 1455 686 1523 (Guarantee
703 1456 738 1508 of
756 1458 846 1509 above
862 1457 901 1522 by
910 1457 1057 1510 Patriarch
1073 1458 1108 1510 ot
1124 1459 1250 1522 aquilea,
1262 1459 1353 1512 Arch-

294 1534 397 1602 blshop
408 1538 442 1590 of
458 1539 601 1604 salzburg,
613 1540 720 1602 Bishop
732 1539 766 1590 of
782 1540 974 1605 Regensburg,
986 1542 1084 1592 anes
1094 1543 1220 1605 Leopold
1232 1541 1266 1594 of
1280 1544 1351 1595 Ans·

295 1621 358 1683 tria,
370 1622 496 1674 Bernard
507 1621 541 1674 of
558 1621 710 1683 carinthia,
722 1621 796 1673 Otho
810 1623 844 1674 ot
860 1623 983 1690 Meran.)

339 1810 348 1827 .
372 1809 381 1829 .
404 1809 414 1829 .
436 1762 507 1829 Nos
518 1770 631 1830 autem
646 1764 866 1830 nihilominus
888 1765 989 1831 tactis
1011 1767 1230 1833 sacrosanctis
1253 1789 1353 1834 evan·

295 1867 402 1955 galiis,
426 1866 612 1953 juravimus
637 1889 815 1953 procurare
839 1868 929 1935 bona
954 1868 1031 1947 fide,
1058 1869 1152 1956 quod
1177 1870 1351 1957 predictus

296 1972 475 2057 imperator
497 1971 649 2058 predicta
669 1971 827 2049 servabit,
854 1979 890 2039 et
918 1981 1035 2038 contra
1064 1995 1104 2040 ea
1133 1995 1201 2040 non
1225 1977 1350 2043 veniet.

296 2075 398 2157 Quod
419 2076 449 2141 si
470 2076 575 2153 fieret,
592 2076 657 2141 nisi
679 2075 769 2141 infra
791 2084 860 2143 tres
883 2098 1014 2143 menses
1036 2078 1073 2141 in
1094 2101 1247 2167 regnum,
1263 2080 1352 2146 inira

296 2189 442 2269 quatuor
456 2181 492 2247 in
508 2181 653 2259 Italiam,
669 2180 758 2246 infra
774 2183 926 2267 quinque
942 2189 1038 2248 extra
1056 2182 1192 2248 Italiam
1213 2183 1352 2251 duxerit

295 2287 550 2365 emendandum,
581 2293 740 2373 potenter
769 2307 808 2351 ac
838 2293 994 2372 patenter
1023 2285 1067 2351 ad
1095 2288 1350 2374 requisitionem

295 2391 434 2458 ecclesie
450 2393 643 2458 assistemus
659 2391 691 2456 ei
710 2398 828 2457 contra
850 2388 997 2456 eundem
1019 2390 1193 2479 dominum
1215 2393 1352 2479 impera·

294 2503 413 2574 torem,
429 2495 534 2562 donec
549 2495 761 2562 satisfecerit.
808 2494 910 2575 Quod
925 2495 954 2560 si
971 2517 1032 2580 per
1054 2494 1228 2561 dominum
1250 2497 1351 2583 impe·

295 2607 439 2665 ratonem
453 2600 597 2678 steterit,
613 2599 706 2685 quod
721 2598 863 2665 arbitros
878 2619 947 2665 non
963 2600 1114 2686 elegerit,
1130 2601 1186 2666 vel
1209 2600 1351 2667 arbitros

298 2701 517 2788 impediverit
530 2724 573 2768 ne
589 2703 784 2790 procedant,
798 2725 860 2769 nos
876 2703 1015 2769 ecclesie
1033 2704 1229 2781 tenebimur,
1245 2711 1285 2770 ut
1299 2712 1351 2771 est

293 2807 466 2891 scriptum.
512 2805 548 2871 Si
563 2814 677 2872 autem
691 2804 833 2872 ecclesia
855 2806 996 2872 arbitros
1018 2806 1098 2873 dare
1121 2809 1279 2886 noluerit,
1294 2808 1351 2874 vel

294 2908 390 2976 datos
409 2910 633 2996 impediverit,
649 2931 692 2976 ne
715 2910 910 2995 procedant,
926 2931 988 2976 nos
1010 2933 1054 2977 ex
1076 2918 1160 2977 tuno
1183 2917 1350 2998 quantum

284 3013 338 3079 'ad
351 3013 441 3081 huno
458 3015 640 3080 articulum
655 3036 723 3079 non
740 3013 929 3080 tenebimur
943 3015 1141 3101 juramento.
1179 3015 1237 3080 Ad
1253 3016 1350 3101 cujus

294 3118 343 3185 rei
372 3120 565 3183 memoriam
594 3140 730 3205 presens
759 3118 925 3203 scriptum
955 3117 1028 3183 fieri
1057 3118 1198 3186 fecimus
1227 3119 1349 3208 sigillis

294 3223 416 3288 nostris
440 3223 695 3288 communitum.

337 3325 428 3391 Data
443 3325 534 3411 apud
547 3334 702 3392 sanctum
719 3325 927 3392 Germanum
944 3299 1034 3392 anno
1056 3324 1223 3395 dominico
1245 3328 1351 3395 incar·

295 3429 440 3497 nationis
455 3429 552 3509 1230,
568 3429 611 3495 23
626 3429 681 3496 die
697 3431 821 3496 mensis
839 3431 861 3496 J
862 3430 925 3495 ulii
939 3431 1040 3497 tertie
1055 3430 1259 3497 indictionis.

802 3647 848 3715 V.

341 3786 468 3876 [Aug]
509 3785 700 3875 Friderious
738 3785 804 3852 Dei
841 3785 961 3875 gratia,
990 3790 1056 3851 etc.
1116 3784 1184 3851 Per
1212 3807 1350 3872 presens

292 3892 456 3977 scriptum
471 3900 591 3957 notum
605 3892 678 3957 fieri
692 3891 850 3958 volumus
865 3890 1031 3956 universis
1047 3896 1116 3954 tam
1138 3891 1349 3975 presentibus

293 4016 396 4083 quam
417 3995 554 4075 futuris,
577 3995 670 4087 quod
691 4016 753 4065 nos
779 3994 922 4065 fecium
947 3994 1110 4086 assignari
1133 3993 1170 4059 in
1196 3994 1350 4067 manibus
