3292 4809
322 600 384 671 60·
538 618 671 669 snrncr
697 614 903 669 unorum
927 614 1156 667 nmunnrrs.

320 809 526 855 successores
545 788 608 854 tibi
630 788 765 853 domino
783 810 857 854 meo
876 786 1042 875 Gregorio
1062 807 1168 873 papae
1190 793 1227 852 et
1247 807 1377 852 succes·

320 892 451 959 scribus
466 893 545 959 tuis.

772 1001 909 1030 ,4.-

340 1168 513 1233 censoir
540 1168 607 1232 VII.
636 1169 811 1233 amous
840 1168 984 1233 BOBEBT
1008 1167 1354 1250 tununnensis).

627 1329 721 1391 [uase
736 1331 793 1379 sn.
803 1331 863 1378 rer.
875 1329 944 1387 ser..
955 1331 988 1377 11.
999 1328 1063 1390 rei]

365 1455 548 1544 Gregorius
563 1457 739 1543 episcopus
760 1477 878 1522 servus
900 1477 1075 1522 servorum
1096 1454 1162 1521 Dei
1185 1453 1373 1541 R(oberto)

319 1561 465 1647 glorioso
480 1560 560 1626 duci
574 1561 719 1626 salutem
735 1568 771 1626 et
786 1560 1005 1645 apostolicam
1019 1558 1300 1625 benedictionem.

365 1662 465 1743 Quod
481 1665 568 1750 gesti
587 1663 668 1729 belli
690 1671 894 1750 proventum
909 1670 945 1729 et
959 1662 1103 1748 adeptae
1125 1662 1286 1728 victoriae
1308 1661 1377 1747 pal·

320 1788 409 1831 mam
435 1768 531 1833 nobis
561 1775 597 1837 et
626 1768 787 1833 Romanis
818 1766 1011 1843 notificasti,
1040 1764 1086 1844 id,
1117 1764 1210 1851 quod
1246 1763 1372 1840 decuit,

319 1870 479 1956 prudenti
506 1872 646 1937 consilio
674 1859 755 1937 usus
783 1872 901 1958 egisti3
932 1876 1061 1948 utres,
1088 1891 1191 1955 quam
1220 1890 1264 1934 ex
1294 1875 1376 1934 voto

320 1961 506 2039 amicorum
520 1975 665 2060 gloriose
689 1975 891 2051 obtinueras,
906 1974 1057 2059 ipsorum
1079 1971 1378 2059 congratulationi-

320 2078 382 2143 bus
397 2079 576 2164 gloriosior
591 2078 655 2143 tibi
670 2077 870 2143 redderetur
885 2083 988 2162 atque
1004 2074 1192 2161 jocundior.
1232 2075 1378 2162 Oportet

321 2182 450 2246 interea
471 2188 506 2247 te
529 2181 627 2246 illum
650 2182 720 2246 alta
742 2182 902 2246 memoria
932 2180 1044 2267 figere,
1069 2181 1166 2266 cujus
1196 2178 1311 2245 favore
1341 2186 1378 2245 et

321 2286 448 2350 auxilio
474 2306 542 2350 non
568 2285 710 2372 ambigis
739 2306 792 2351 res
821 2293 899 2351 tuas
928 2286 996 2371 jam
1026 2284 1156 2349 dudum
1184 2283 1377 2371 procedere.

322 2389 410 2454 Nam
431 2390 522 2455 sicut
542 2389 753 2477 ingratitudo
774 2397 937 2476 provocat
957 2386 1237 2477 indignationem,
1253 2389 1302 2453 ita
1323 2387 1378 2453 de·

322 2494 414 2557 votio
428 2493 663 2558 incunctanter
677 2493 869 2558 accumulat
881 2494 1037 2580 gratiam.
1076 2491 1292 2577 Quapropter
1305 2490 1379 2556 bea·

322 2603 397 2661 tum
411 2596 563 2673 Petrum,
575 2596 672 2682 cujus
687 2596 749 2661 tibi
765 2596 880 2662 adesse
896 2597 1120 2681 patrocinium
1135 2595 1276 2683 grandis
1286 2594 1378 2660 facta

322 2707 501 2777 testantur,
517 2722 595 2786 prae
612 2701 719 2766 oculis
735 2700 855 2766 habere
871 2722 1002 2786 semper
1019 2701 1221 2777 memineris,
1237 2700 1377 2785 ejusque

322 2802 493 2869 beneficiis
523 2826 600 2869 curn
629 2825 765 2869 necesse
796 2811 848 2870 est
877 2812 1009 2891 gratam
1038 2805 1149 2870 vicem
1180 2802 1377 2889 rependens,

322 2907 434 2991 ipsum
449 2905 491 2971 de
506 2916 618 2972 cetero
634 2907 731 2974 velut
746 2908 930 2973 debitorem
946 2907 1078 2974 efficere
1098 2908 1161 2973 tibi
1181 2914 1377 2994 procurato;

323 3008 364 3074 de
381 3032 449 3095 quo
463 3012 623 3075 nimirum
646 3033 686 3076 eo
707 3013 815 3098 'inagis
837 3034 1048 3098 praesumere
1071 3012 1292 3097 poterisque
1313 3032 1380 3075 am·

322 3113 411 3197 plius
435 3113 602 3199 obsequiis
624 3115 723 3178 illum
745 3115 808 3179 tibi
831 3117 928 3201 quasi
958 3115 1141 3181 obnoxium
1171 3114 1377 3180 astrinxeris.

324 3214 498 3281 Memento
513 3218 628 3302 itaque
644 3219 760 3283 matris
776 3226 855 3284 tuae
870 3227 1006 3285 sanctae
1022 3219 1193 3284 Romanae
1209 3218 1378 3296 ecclesiae,

324 3340 410 3403 quae
426 3319 468 3385 de
483 3328 518 3385 te
533 3321 622 3385 inter
636 3330 765 3387 ceteros
778 3324 945 3407 principes
967 3323 1160 3409 specialiter
1174 3322 1322 3399 confidit,
1339 3330 1380 3386 ut

324 3429 357 3487 te
380 3424 595 3507 peculiariter
610 3423 734 3511 diligit.
785 3426 968 3502 Memento,
984 3426 1078 3511 quod
1098 3425 1163 3490 sibi
1184 3426 1378 3512 promisisti.

392 3603 549 3653 Hadrianus
573 3604 649 3664 Papa
671 3618 734 3653 cum
758 3606 946 3655 cardinalibus
971 3607 1030 3655 suis
1054 3607 1088 3655 ad
1117 3606 1265 3656 ecclesiam
1288 3604 1380 3655 sancti

325 3684 469 3745 Marciani,
494 3699 563 3747 quae
587 3699 673 3747 prope
697 3685 823 3736 Calorem
848 3689 964 3737 fiuvium
986 3690 1043 3739 sita
1067 3693 1121 3748 est,
1145 3689 1261 3739 veniens
1284 3700 1380 3751 regem

326 3766 503 3818 Guilielmum
520 3768 556 3818 ad
576 3769 661 3829 pedes
680 3782 747 3818 suos
766 3770 910 3819 humiliter
929 3772 1107 3821 accedentem
1123 3771 1244 3835 benigne
1263 3770 1379 3831 recepit.

326 3849 379 3910 Qui
398 3850 476 3901 iacto
492 3851 659 3914 juramento,
679 3855 711 3901 ut
728 3852 814 3901 moris
833 3857 885 3909 est,
904 3853 990 3916 ligius
1008 3854 1093 3903 homo
1110 3854 1202 3915 Papae
1219 3854 1334 3903 devenit
1350 3856 1381 3903 et

326 3931 400 3992 Papa
410 3933 501 3993 ipsum
512 3946 657 3994 perunum
665 3934 799 3983 vexillum
809 3936 843 3983 de
855 3948 943 3997 regno
956 3937 1074 3995 Siciliae,
1083 3950 1134 3997 per
1144 3937 1221 3987 aliud
1229 3937 1264 3987 de
1275 3936 1381 3987 ducatu

325 4010 452 4077 Apuliae,
466 4028 517 4078 per
527 4015 643 4067 tertium
654 4015 688 4066 de
699 4015 859 4078 principatu
871 4017 982 4079 Capuae
993 4018 1148 4070 investivit
1211 4061 1213 4063 .
