3292 4809
324 608 367 675 56
542 625 675 675 sunnon
698 607 906 676 uunrmvn'n
930 626 1162 677 noomsrs.

324 794 478 881 ciplinae,
494 795 582 859 nulli
603 793 759 861 subditus
782 795 953 883 magistro,
968 818 1004 863 se
1027 803 1198 863 extorrem
1219 795 1380 883 judicare,

323 898 495 965 obscoenis
526 898 746 965 theatralibus
776 900 918 966 ludicris
953 900 1043 966 ultra
1075 902 1178 967 laicos
1215 902 1380 979 insistere,

323 1023 453 1068 mensas
479 1004 747 1068 numulariorum
771 1004 807 1067 in
833 1005 965 1089 porticu
993 1006 1243 1070 transeuntium
1272 1006 1380 1091 turpis

322 1106 408 1172 lucri
428 1107 538 1194 gratia
559 1106 692 1193 publice
715 1106 915 1173 observare?
960 1107 1024 1174 His
1047 1110 1162 1194 itaque
1185 1109 1380 1195 quaestibus

321 1212 465 1296 pecunia
481 1212 663 1289 cumulata,
674 1211 840 1277 abbatiam
857 1211 947 1278 beati
963 1212 1062 1277 Pauli
1078 1213 1213 1290 invasit,
1223 1212 1381 1299 supplan·

321 1320 393 1379 tato
415 1313 553 1390 abbate,
576 1314 656 1380 inde
679 1316 841 1401 arripiens
865 1314 1378 1402 archidiaconatum'quendam

321 1419 455 1483 nomine
479 1417 651 1482 Manciam
673 1425 715 1484 ut
735 1419 799 1485 sibi
821 1418 969 1485 officium
991 1420 1165 1498 venderet,
1181 1418 1378 1506 decipiendo

321 1521 475 1599 seduxit3
495 1528 539 1599 et,
549 1521 689 1588 Nicolao
700 1544 787 1608 papa
798 1524 946 1602 nolente,
956 1524 1108 1589 tumultu
1116 1524 1271 1609 populari
1278 1524 1379 1609 stipa·

321 1632 377 1690 tus
388 1626 424 1689 in
436 1646 655 1691 oeconomum
664 1647 699 1692 se
711 1628 900 1711 promoveri
913 1628 1032 1715 coegit.
1064 1627 1377 1713 Quatuornamque

321 1729 549 1794 Romanorum
564 1730 761 1815 pontificum
776 1752 878 1817 super
892 1731 1043 1817 improba
1057 1738 1164 1797 morte
1181 1753 1241 1817 per
1256 1752 1377 1797 manus

282 1898 283 1901 ,
309 1832 497 1920 >cujusdam
519 1833 583 1899 sibi
605 1835 718 1899 intimi
733 1835 899 1901 Johannis
922 1836 1053 1902 scilicet
1068 1834 1255 1913 Brachinti,
1270 1836 1379 1921 propi·

320 1944 401 2003 nato
417 1958 558 2015 veneno,
574 1937 740 2003 homicida
761 1939 914 2005 extitisse
937 1940 1159 2017 convincitur,
1174 1941 1377 2011 ut,caeteris

320 2041 520 2120 tacentibus,
535 2042 606 2127 ipse
622 2042 774 2108 minister
789 2044 916 2120 mortis,
931 2051 1075 2131 urgente
1090 2043 1205 2108 mortis
1220 2043 1375 2121 articulo,

320 2140 403 2211 diris
418 2144 629 2224 clamoribus,
645 2146 727 2212 licet
740 2168 813 2213 sero
831 2148 1048 2232 poenituerit,
1065 2146 1263 2213 testabatur.
1308 2146 1377 2212 Hic

320 2247 467 2335 denique
500 2271 598 2336 saepe
631 2249 743 2316 dictus
776 2249 916 2336 pestifer
944 2252 1017 2336 ipsa
1046 2258 1146 2317 nocte
1175 2270 1244 2336 qua
1272 2249 1377 2316 funus

321 2352 509 2419 Alexandri
524 2374 629 2439 papae
644 2354 680 2418 iu
702 2353 840 2420 basilica
862 2353 1045 2420 Salvatoris
1067 2354 1288 2440 exequiarum
1310 2354 1379 2419 offi-

320 2457 372 2522 cio
394 2456 583 2536 fovebatur,
605 2465 718 2543 portae
742 2459 911 2524 Romanae
934 2459 1026 2524 urbis
1048 2465 1084 2524 et
1104 2465 1234 2544 pontes,
1255 2465 1376 2536 turres,

321 2568 357 2627 et
377 2562 597 2648 triumphales
620 2583 727 2640 arcus,
743 2569 948 2627 armatorum
970 2562 1085 2629 cuneis
1108 2562 1265 2640 munivit,
1280 2562 1378 2628 Late-

320 2686 460 2732 ranense
475 2667 640 2751 palatium
655 2667 777 2731 militia
791 2673 983 2752 comparata
994 2665 1173 2732 hostiliter
1187 2667 1376 2752 occupavit,

321 2768 448 2834 clerum
471 2792 513 2836 ue
537 2770 677 2837 auderet
699 2771 937 2848 contradicere,
953 2791 1031 2835 cum
1046 2770 1163 2835 nullus
1178 2791 1256 2835 eum
1272 2770 1379 2836 vellet

320 2874 455 2961 eligere,
477 2874 599 2960 gladiis
625 2875 812 2940 satellitum
838 2874 1025 2961 evaginatis
1050 2881 1193 2940 mortem
1218 2872 1377 2939 minando

319 2979 510 3063 perterruit,
535 2985 571 3044 et
599 2980 703 3064 prius,
730 2978 898 3045 obsessam
924 2978 994 3055 diu,
1023 2977 1146 3043 assiliit
1171 2976 1376 3054 cathedram,

320 3102 423 3167 quam
445 3103 566 3168 corpus
593 3082 747 3148 defuncti
772 3083 942 3149 obtineret
964 3081 1126 3147 tumbam.
1180 3080 1272 3145 Dum
1294 3102 1377 3146 vero

320 3185 459 3271 quidam
475 3208 517 3251 ex
540 3187 620 3272 ipsis
644 3186 818 3252 decretum
842 3186 973 3251 Nicolai
995 3206 1100 3271 papae
1124 3183 1188 3249 125
1211 3185 1377 3270 episcopis

320 3288 384 3354 sub
398 3289 610 3355 anathemate
633 3291 896 3377 promulgatum,
913 3288 1030 3356 eodem
1043 3287 1285 3378 ¹Hildebrando
1307 3288 1378 3352 lau·

320 3394 422 3459 dante
438 3392 482 3457 ad
503 3394 695 3459 memoriam
718 3393 781 3459 sibi
796 3394 926 3482 vellent
948 3392 1116 3470 reducere,
1132 3391 1225 3478 quod
1246 3392 1276 3457 si
1298 3392 1376 3477 quis

320 3498 391 3563 sine
408 3519 546 3563 assensu
569 3498 712 3563 Romani
734 3498 895 3584 principis
917 3498 1032 3583 papari
1054 3502 1290 3582 praesumeret,
1305 3516 1376 3559 non

320 3622 415 3687 papa,
442 3600 502 3666 sed
528 3607 681 3686 apostata
705 3600 747 3666 ab
770 3601 925 3667 omnibus
955 3601 1145 3678 haberetur,
1172 3599 1312 3687 negavit
1339 3619 1375 3664 se

320 3727 435 3793 regem
461 3706 592 3791 uspiam
618 3705 714 3782 scire,
736 3712 772 3770 et
797 3727 833 3771 se
859 3726 965 3791 posse,
993 3705 1145 3782 asseruit,
1171 3703 1377 3769 sententiam

320 3807 613 3895 praedecessorum
635 3830 780 3874 vacuum
802 3809 964 3895 judicare.
1019 3808 1113 3889 Quid
1134 3807 1254 3894 plura?
1298 3805 1377 3871 Non

320 3914 430 3979 solum
445 3912 582 3998 quidem
605 3913 722 3990 Roma,
737 3912 797 3978 sed
819 3914 890 4000 ipse
914 3914 1085 3979 Romanus
1108 3911 1197 3977 orbis
1218 3917 1376 3986 testatur,

320 4018 418 4082 illum
440 4037 508 4081 non
523 4038 543 4081 a
558 4016 632 4082 Deo
647 4015 750 4083 fuisse
766 4018 922 4095 electum,
938 4017 998 4083 sed
1013 4039 1033 4083 1
1047 4039 1082 4083 11
1097 4016 1170 4103 ipso
1185 4016 1230 4095 vi,
1246 4012 1376 4089 fraude,
