3292 4809
403 610 540 660 rumor>
562 609 610 659 or
630 610 706 657 000
727 608 973 659 0000000100
994 608 1199 659 muscas.
1286 591 1328 659 37

455 820 668 891 “moruus
690 827 1016 890 HILDEBRANDINP'
1038 829 1152 896 (1075).

436 974 523 1035 [areg.
535 974 718 1034 vn.,aeg.11.
748 973 831 1033 aare
847 971 1174 1034 eia.aa.cer.,11.1u.]

318 1099 419 1182 Quod
434 1101 584 1165 Romana
599 1098 739 1164 ecclesia
753 1120 773 1163 a
788 1098 860 1163 solo
876 1098 1024 1164 Domino
1039 1099 1085 1163 sit
1098 1098 1252 1165 fundate.

318 1203 420 1286 Quod
429 1203 706 1270 solusRomanus
721 1201 877 1287 pontifex
891 1202 965 1288 jure
977 1201 1110 1267 dicatur
1119 1204 1329 1270 universalis.

319 1308 422 1390 Quod
442 1308 501 1373 ille
524 1308 615 1373 solus
637 1307 744 1394 possit
766 1305 932 1392 deponere
954 1307 1126 1394 episcopos
1140 1308 1197 1374 vel
1216 1330 1330 1375 recon-

274 1414 396 1480 ciliare.

319 1515 421 1597 Quod
442 1515 576 1604 legatus
595 1514 668 1601 ejus
683 1513 839 1580 omnibus
854 1514 1017 1600 episcopis
1032 1515 1158 1601 praesit
1171 1515 1208 1580 in
1222 1517 1330 1583 conci·

274 1621 330 1698 lio,
346 1621 449 1686 etiam
463 1619 630 1685 inferioris
646 1617 792 1706 gradus3
815 1624 852 1685 et
865 1617 1027 1685 adversus
1047 1639 1104 1685 eos
1126 1621 1329 1686 sententiam

275 1724 493 1811 depositionis
508 1725 614 1810 possit
629 1724 717 1790 dare.

320 1828 422 1910 Quod
436 1828 590 1894 absentes
606 1850 692 1914 papa
706 1829 813 1915 possit
828 1829 1004 1916 deponere.

320 1931 421 2013 Quod
436 1954 512 1998 cum
529 1934 828 2000 excommunicatis
843 1932 961 1999 abillo
976 1934 1066 2001 inter
1080 1943 1191 2020 cetera
1207 1957 1271 2003 nec
1292 1937 1329 2001 in

276 2036 393 2103 eadem
408 2035 508 2102 domo
523 2036 682 2103 debemus
697 2059 844 2103 manere.

320 2141 422 2223 Quod
450 2144 502 2207 illi
531 2145 594 2209 soli
623 2145 706 2212 licet
729 2166 791 2230 pro
817 2146 976 2232 temporis
1002 2146 1198 2212 necessitate
1224 2167 1330 2212 novas

276 2247 368 2335 leges
397 2247 551 2326 condere,
577 2270 681 2315 novas
710 2249 826 2334 plebes
856 2271 1069 2337 congregare,
1099 2249 1141 2315 de
1171 2250 1331 2316 canonica

276 2351 442 2417 abbatiam
464 2352 673 2429 1000100150
696 2359 811 2418 contra
834 2353 975 2419 divitem
997 2354 1227 2440 episcopatum
1249 2352 1350 2433 divi·¹

276 2455 355 2522 dere
371 2464 406 2521 et
419 2457 535 2541 inopes
550 2456 659 2523 unire.

322 2558 424 2641 Quod
438 2561 530 2625 00100
545 2561 653 2646 possit
666 2561 718 2626 uti
733 2560 961 2648 imperialibus
976 2562 1141 2650 insigniis.

322 2663 424 2744 Quod
451 2664 558 2730 solius
586 2686 693 2751 papae
722 2665 826 2751 pedes
855 2686 971 2732 omnes
1000 2667 1167 2753 principes
1196 2665 1331 2734 deoscu-

276 2767 401 2833 lentur.

322 2871 425 2953 Quod
438 2872 530 2938 illius
545 2871 651 2939 solius
666 2895 789 2939 nomen
803 2874 840 2938 in
856 2874 1005 2941 ecclesiis
1020 2875 1191 2942 recitetur.

322 2975 424 3057 Quod
438 2976 501 3042 hoc
517 2978 657 3042 unicum
672 2985 724 3044 est
738 3000 860 3044 nomen
875 2979 911 3043 in
927 2979 1065 3045 mundo.

322 3079 425 3161 Quod
438 3081 490 3146 illi
505 3082 608 3147 liceat
622 3083 838 3168 imperatores
855 3082 1033 3169 deponere.

323 3183 424 3265 Quod
438 3185 491 3249 1111
506 3186 607 3250 liceat
619 3185 660 3251 de
675 3185 754 3252 sede
770 3185 815 3251 ad
829 3186 954 3265 sedem,
967 3188 1167 3255 necessitate
1179 3195 1331 3277 cogente,

278 3289 451 3375 episcopos
463 3295 697 3356 transmutare.

323 3391 425 3473 Quod
440 3392 482 3459 de
498 3395 589 3459 omni
604 3394 755 3473 ecclesia,
768 3416 982 3481 quocumque
998 3397 1156 3475 voluerit,
1172 3398 1332 3463 clericum

279 3497 391 3562 valeat
406 3496 568 3563 ordinare.

323 3599 425 3681 Quod
446 3600 488 3666 ab
510 3602 570 3666 illo
593 3600 767 3668 ordinatus
789 3603 847 3667 alii
870 3603 1029 3671 ecclesiae
1044 3625 1195 3690 praeesse
1210 3611 1332 3690 potest,

277 3704 421 3787 sednon
436 3706 582 3771 militare
590 3729 599 3782 ;
623 3713 658 3772 et
673 3706 765 3792 quod
779 3706 822 3772 ab
836 3707 951 3793 aliquo
967 3708 1122 3795 episcopo
1144 3730 1213 3773 non
1234 3708 1334 3774 debet

278 3810 484 3894 superiorem
498 3810 642 3897 gradum
657 3811 817 3898 accipere.

324 3911 426 3993 Quod
462 3915 558 3979 nulla
587 3914 736 4003 synodus
766 3915 893 4003 absque
921 3923 1100 4003 praecepto
1130 3916 1203 4004 ejus
1232 3915 1335 3983 debet

278 4018 444 4107 generalis
459 4019 581 4093 vocari.
