3292 4809
545 603 621 651 run
642 603 943 655 nonnusraunnu
966 607 1113 657 aaaron.
1134 600 1137 608 “
1311 590 1353 657 93

295 768 418 836 ductus
442 775 503 836 est.
549 770 602 835 Ibi
624 772 908 860 relligiosissimus
931 776 1112 861 imperator
1133 784 1211 842 ante
1235 777 1353 862 januas

295 874 475 940 aecclesiae
491 896 569 939 eum
584 877 732 961 suscepit
747 885 783 943 et
798 877 1016 945 descendenti
1033 879 1074 945 de
1097 902 1184 966 equo
1207 888 1354 967 strepam

295 977 469 1043 humiliter
483 980 596 1044 tenuit
612 987 646 1045 et
665 981 912 1066 apprehensum
934 1006 994 1068 per
1016 1005 1155 1048 manum
1178 1007 1286 1070 usque
1310 984 1354 1050 ad

294 1083 404 1147 altare
421 1082 587 1148 conduxit
609 1091 643 1148 et
665 1084 766 1169 pedes
790 1087 863 1172 ejus
886 1073 1068 1165 osculatus,
1084 1095 1120 1153 et
1142 1110 1203 1154 nos
1226 1110 1352 1167 omnes,

294 1186 494 1271 patriarcha,
517 1188 765 1274 archiepiscopi,
789 1191 937 1276 episcopi
965 1200 1001 1257 et
1022 1192 1157 1258 abbates
1180 1200 1215 1258 et
1237 1214 1352 1259 omnes

294 1291 459 1375 principes
487 1312 564 1355 cum
587 1293 743 1358 universa
766 1294 1098 1381 multitudine‚quae
1121 1318 1257 1383 presens
1280 1304 1353 1362 erat

294 1393 395 1478 pedes
418 1396 617 1480 apostolicas
640 1418 756 1462 sumus
779 1399 933 1463 osculati.
978 1399 1138 1465 Proxima
1161 1408 1274 1466 autem
1297 1400 1352 1467 die

267 1564 271 1570 ,
292 1500 459 1583 sequenti,
470 1498 505 1562 id
521 1507 573 1564 est
587 1499 735 1578 sabbato,
745 1501 860 1568 habito
876 1505 1026 1590 generali
1042 1505 1194 1581 concilio,
1208 1504 1351 1570 domnus

294 1624 381 1688 papa
390 1610 426 1668 et
437 1624 499 1668 nos
511 1625 588 1668 cum
600 1605 659 1669 illo
672 1605 863 1671 Rolandum
874 1608 1111 1673 cancellarium
1122 1609 1350 1673 scismaticum

294 1715 330 1772 et
344 1708 417 1793 ejus
433 1708 634 1793 principales
650 1707 799 1775 fautores
819 1712 968 1776 accensis
991 1711 1140 1777 candelis
1163 1712 1352 1777 anathema·

293 1812 470 1878 tizavimus
506 1821 541 1878 et
571 1812 774 1878 tradidimus
809 1834 887 1877 eum
916 1814 1076 1880 sathanae
1107 1816 1143 1878 in
1173 1815 1351 1879 interitum

294 1917 411 1994 carnis,
424 1923 464 1981 ut
478 1917 616 2001 spiritus
632 1917 747 1981 salvus
763 1916 859 1981 sitin
875 1916 929 1981 die
947 1916 1095 1981 Domini.
1138 1916 1232 1980 Illud
1247 1916 1350 1981 etiam

293 2019 505 2085 discretionis
517 2027 647 2085 vestrae
660 2020 876 2105 prudentiam
887 2021 1043 2085 volumus
1056 2041 1123 2084 non
1132 2020 1248 2096 latere,
1260 2041 1351 2083 man·
1446 2075 1449 2080 .

293 2123 391 2190 ifeste
402 2138 478 2189 ‘esse
495 2123 749 2209 deprehensum,
767 2123 859 2209 quod
875 2121 1049 2188 Rolandus
1073 2124 1292 2189 cancellarius
1315 2130 1351 2188 et

295 2226 367 2311 ejus
394 2249 555 2313 sequaces
582 2226 720 2314 quidam
747 2227 941 2304 cardinales,
964 2228 1101 2293 vivente
1128 2226 1237 2292 adhuc
1264 2247 1350 2312 papa

294 2329 458 2409 Adriano,
489 2332 762 2419 conjuraverunt.
819 2331 902 2396 Fuit
930 2338 1045 2396 autem
1075 2338 1173 2397 tenor
1202 2331 1352 2417 conjura·

293 2436 404 2513 tionis,
429 2436 531 2521 quod,
554 2436 584 2501 si
610 2437 657 2501 eis
684 2436 877 2502 viventibus
903 2456 1024 2520 papam
1048 2433 1239 2499 Adrianum
1265 2435 1349 2499 mori

294 2541 519 2628 contingeret,
534 2540 738 2605 cardinalem
760 2561 867 2605 unum
889 2538 931 2603 de
954 2539 1022 2603 illis
1045 2539 1210 2625 eligerent
1232 2540 1291 2624 qui
1313 2539 1350 2602 in

293 2643 410 2709 eadem
425 2645 655 2730 conjuratione
672 2651 762 2709 esset
776 2644 944 2709 astrictus.
982 2642 1035 2709 De
1051 2649 1181 2708 caetero
1198 2664 1239 2707 ex
1255 2650 1349 2728 parte

294 2746 360 2812 Dei
390 2749 631 2833 omnipotentis
662 2756 698 2813 et
726 2747 901 2814 beatorum
932 2747 1162 2832 apostolorum
1191 2745 1286 2812 Petri
1315 2752 1351 2811 et

294 2850 394 2916 Pauli
410 2859 445 2917 et
460 2852 610 2916 omnium
632 2859 826 2917 sanctorum
847 2859 884 2917 et
904 2852 1054 2917 virorum
1077 2849 1350 2928 orthodoxorum,

294 2957 354 3041 qui
370 2954 484 3021 divino
500 2957 630 3048 intuitu
644 2956 688 3020 ad
703 2953 925 3021 rescindenda
939 2956 1095 3020 scismata
1107 2960 1349 3031 convenerunt,

294 3059 549 3125 universitatem
560 3067 708 3125 vestram
719 3059 894 3124 humiliter
904 3059 1121 3144 imploramus
1133 3064 1168 3122 et
1177 3077 1350 3122 monemus

294 3163 330 3226 in
346 3163 491 3241 Christo
507 3171 547 3229 ut
562 3185 601 3229 ea
616 3185 701 3248 quae
725 3162 887 3228 aecclesia
910 3161 975 3227 Dei
997 3161 1122 3247 Papiae
1145 3168 1351 3247 congregata

294 3266 338 3331 ad
361 3266 521 3332 honorem
547 3266 715 3332 Creatoris
738 3272 773 3332 et
794 3287 935 3351 sponsae
956 3287 1047 3343 suae,
1071 3266 1187 3330 matris
1209 3270 1350 3340 vestrae,

293 3379 525 3436 sacrosanctae
541 3371 712 3436 Romanae
736 3370 917 3436 aecclesiae
941 3369 1227 3434 tranouillitatem
1249 3374 1285 3432 et
1307 3365 1352 3431 ad

293 3475 439 3558 salutem
462 3476 612 3539 omnium
635 3475 893 3540 christianorum
915 3473 1060 3538 fideliter
1084 3472 1263 3549 ordinavit,
1280 3491 1350 3547 vos,

294 3580 386 3643 omni
409 3577 510 3645 dubio
533 3586 568 3644 et
586 3579 807 3666 ambiguitate
830 3584 969 3654 remota,
985 3575 1263 3664 irrefragabiliter
1278 3580 1352 3639 rata

294 3690 330 3747 et
347 3682 442 3747 firma
457 3684 620 3759 teneatis;
643 3690 787 3760 orantes,
803 3688 845 3746 ut
858 3680 1051 3766 redemptor
1065 3686 1180 3745 noster
1196 3678 1352 3744 Christus

295 3786 419 3852 Jhesus
440 3787 663 3853 universalem
683 3787 877 3872 pontificem
899 3793 934 3850 et
959 3804 1080 3869 papam
1101 3789 1254 3847 nostrum
1274 3780 1354 3847 Vic-

295 3896 413 3968 torem,
430 3891 471 3957 de
487 3892 583 3956 cuius
599 3891 778 3956 sanctitate
798 3897 834 3955 et
856 3888 1032 3976 relligione
1055 3887 1191 3950 omnino
1215 3883 1352 3950 confidi-

295 4016 379 4073 mus,
402 4016 463 4081 per
483 4002 636 4080 tempora
657 3995 762 4081 longa
784 4000 963 4060 conservet
985 4000 1021 4058 et
1043 3999 1173 4078 prestet
1193 3993 1225 4057 ei
1245 3994 1351 4056 omni·
