3292 4809
302 614 367 681 130
523 631 657 682 smncr
678 630 886 682 mimum
906 628 1137 680 nocmmnrs.

301 910 444 976 mmm
458 912 503 976 or
515 861 727 976 mmmror
740 911 780 974 11.
795 910 842 974 ro
862 909 956 974 rme
970 909 1020 1004 or
1039 907 1215 972 muman
1240 907 1359 991 (mr).

493 1080 581 1145 [Man.
592 1081 672 1129 Paris.
684 1081 752 1129 Hist.
763 1080 953 1141 ma1.Anglor.,
964 1080 1047 1137 E-B„
1058 1079 1105 1125 ΠΙ.
1115 1076 1165 1138 48.]

345 1227 470 1294 “Inter
485 1234 610 1293 ceteros
629 1226 810 1293 catholicos
834 1247 930 1314 reges
952 1224 1084 1290 litteras
1106 1244 1188 1288 auro
1209 1221 1358 1289 bullatas

302 1330 495 1420 Anglorum
510 1332 582 1420 regi
598 1331 793 1409 transmisit,
805 1350 996 1415 proponens
1007 1329 1044 1393 in
1054 1327 1175 1393 iisdem
1185 1347 1358 1392 romanam

301 1436 487 1502 Ecclesiam
513 1442 627 1502 tantae
654 1436 721 1521 jam
743 1435 904 1501 avaritiae
927 1452 1122 1499 succensam
1143 1430 1300 1496 incendio
1322 1438 1359 1496 et

301 1541 573 1625 concupiscentia
595 1539 774 1606 manifesta
797 1538 890 1625 quod
911 1538 1006 1603 bonis
1029 1535 1265 1603 ecclesiasticis
1287 1556 1357 1600 non

300 1644 363 1710 sibi
389 1666 449 1730 pro
472 1654 553 1711 voto
577 1643 821 1710 sufficientibus
845 1644 1072 1728 imperatores,
1094 1662 1189 1728 reges
1212 1647 1248 1705 et
1268 1640 1359 1725 prin·

300 1748 391 1837 cipes
406 1748 627 1816 exhaeredare
644 1756 680 1815 et
690 1748 883 1815 tributarios
895 1747 1100 1813 constituere
1112 1766 1181 1809 non
1189 1743 1356 1811 veretur.”

346 1900 354 1917 .
378 1900 387 1917 .
411 1901 419 1917 .
443 1853 577 1920 Habeat
591 1861 705 1919 autem
721 1852 762 1919 de
778 1852 949 1938 premissis
964 1872 1023 1917 rex
1039 1849 1233 1938 Anglorum
1255 1870 1299 1914 ex
1321 1870 1357 1914 se

300 1956 374 2043 ipso
388 1958 581 2043 exemplum
596 1958 692 2044 cujus
713 1964 853 2043 patrem,
869 1977 983 2043 regem
1004 1955 1134 2020 scilicet
1156 1953 1356 2031 Johannem,

301 2060 431 2127 mmdiu
463 2063 792 2128 excommunicatum
825 2062 938 2127 tenuit
973 2080 1151 2145 quousque
1181 2059 1293 2144 ipsum
1321 2064 1359 2124 et

300 2186 404 2252 regna
419 2166 493 2251 ejus
508 2165 688 2231 constituit
702 2165 766 2231 sub
780 2164 918 2230 tributo.
964 2164 1124 2229 Habeant
1138 2164 1242 2228 etiam
1259 2184 1359 2251 gene·

300 2269 416 2335 naliter
438 2290 552 2335 omnes
575 2268 665 2335 idem
691 2270 885 2354 exemplum
911 2268 953 2334 de
980 2269 1101 2334 comite
1129 2267 1296 2333 Tolosano
1322 2274 1359 2333 et

300 2372 375 2438 aliis
390 2372 596 2459 principibus
611 2373 728 2439 multis
744 2394 890 2459 quorum
911 2381 1017 2439 terras
1040 2380 1075 2438 et
1096 2394 1254 2458 personas
1276 2380 1359 2438 tam-

301 2475 362 2541 diu
376 2476 439 2542 sub
453 2476 633 2543 interdicto
649 2477 850 2543 concludere
863 2477 1011 2555 molitur,
1024 2476 1131 2542 donec
1142 2478 1219 2543 illos
1233 2478 1270 2541 in
1282 2498 1359 2543 con·

300 2581 443 2646 similem
456 2580 588 2669 redigat
598 2582 812 2657 servitutem3
825 2582 993 2658 simonias,
1006 2582 1199 2648 exactiones
1209 2581 1358 2647 diversas

301 2691 337 2751 et
362 2705 382 2749 a
404 2685 527 2750 seculis
551 2684 721 2750 inauditas
748 2706 833 2771 quas
863 2686 899 2750 in
930 2686 1170 2752 ecclesiasticas
1199 2708 1358 2773 personas

214 2849 217 2856 .
300 2788 506 2855 incessanter
521 2795 690 2865 exercent,
706 2809 826 2855 usuras
841 2788 1037 2856 manifestas
1060 2799 1096 2857 et
1117 2790 1264 2857 falliatas
1287 2791 1359 2877 qui·

300 2892 363 2959 bus
385 2893 548 2960 hactenus
570 2894 752 2983 incognitis
775 2902 888 2960 totum
910 2895 1076 2961 mundum
1098 2896 1264 2974 inficiunt,
1287 2918 1360 2982 pre-

301 2999 538 3075 termittimus3
559 3020 727 3065 sermones
740 3005 852 3065 tamen
864 3022 965 3086 super
975 3001 1044 3067 mel
1055 3002 1202 3068 mellitos
1213 3007 1250 3067 et
1258 3022 1360 3087 super

301 3103 414 3168 oleum
444 3103 592 3168 mollitos
617 3150 626 3167 .
654 3150 663 3168 .
691 3150 699 3167 .
725 3103 932 3170 insatiabiles
962 3107 1176 3193 sanguisuga
1208 3105 1359 3172 dicentes

301 3207 428 3272 curiam
458 3228 630 3272 romanam
660 3228 731 3273 esse
762 3208 950 3275 Ecclesiam
981 3217 1122 3275 matrem
1145 3215 1294 3275 nostram
1320 3230 1360 3275 ae

301 3310 477 3388 nutricem,
505 3331 583 3376 cum
608 3311 654 3377 sit
684 3312 779 3377 ouria
808 3320 985 3398 pretaxata
1016 3314 1167 3378 omnium
1195 3312 1361 3377 malorum

301 3413 398 3480 radix
413 3421 449 3480 et
463 3415 567 3503 origo,
583 3436 653 3480 non
669 3423 836 3482 maternos
859 3417 919 3483 sed
942 3422 1037 3482 actus
1060 3438 1220 3484 exercens
1242 3438 1361 3482 nover-

301 3519 401 3596 cales,
413 3520 456 3584 ex
469 3520 613 3606 cognitis
630 3519 796 3585 fructibus
812 3520 882 3587 suis
899 3528 1029 3586 certum
1044 3519 1171 3587 faciens
1186 3542 1362 3608 argumen-

301 3630 386 3689 tum.
431 3622 624 3690 Revolvant
639 3623 694 3690 hic
715 3624 837 3711 inclyti
859 3624 1000 3690 barones
1015 3624 1143 3711 Anglie
1166 3645 1251 3710 quos
1274 3645 1361 3711 papa

301 3726 522 3794 Innocentius
537 3727 677 3794 bullatis
693 3728 814 3794 litteris
831 3729 1054 3794 communitos
1078 3728 1242 3795 animavit
1263 3735 1304 3794 ut
1324 3729 1362 3793 in

301 3853 417 3919 regem
442 3832 633 3898 Johannem
656 3832 752 3917 quasi
779 3832 929 3898 Ecclesie
952 3832 1127 3897 inimicum
1148 3832 1364 3920 insurgerent

302 3935 522 4015 obstinatum,
536 3936 597 4002 sed
611 3943 791 4022 postquam
807 3936 988 4002 enormiter
1001 3942 1206 4002 memoratus
1227 3958 1288 4003 rex
1311 3945 1364 4004 est

300 4038 513 4119 incurvatus,
544 4045 579 4106 et
608 4060 644 4106 se
674 4060 842 4125 suumque
871 4060 1014 4126 regnum
1044 4039 1195 4106 Ecclesie
1225 4061 1362 4107 romane
