3292 4809
223 669 225 674 ¹
294 560 338 652 434
513 597 647 653 sunncr
668 596 876 652 unmnvnn
900 590 1131 651 mwmrs.

295 772 360 838 Dei
375 771 483 861 gratia
497 793 556 838 rex
578 793 654 837 cum
678 770 833 837 omnibus
855 770 1019 857 episcopis
1042 768 1165 835 nostris
1187 766 1250 834 tibi
1272 759 1351 834 dici·

294 897 380 955 mus,
395 874 581 954 Descende,
598 874 775 954 descende,
789 896 852 962 per
864 875 1001 943 saecula
1015 872 1224 941 damnande!

746 1136 885 1167 -000—

420 1347 529 1411 frast
556 1347 921 1412 nxoouuorrorrror
948 1347 993 1411 or
1019 1346 1150 1413 mar
1176 1345 1229 1411 Π.

696 1462 745 1537 (22
769 1462 832 1525 roa
853 1462 949 1541 lora).
1219 1453 1222 1457 ’

614 1620 694 1685 [taffo
700 1638 706 1684 ς
722 1624 779 1671 Bib.
790 1624 849 1673 Rer.
860 1624 920 1673 Ger.
932 1626 965 1673 11.
975 1622 1040 1687 m]

338 1782 443 1849 Beate
453 1781 554 1849 Petre
566 1784 793 1869 apostolorum
804 1786 971 1871 princeps,
982 1786 1118 1865 inclina,
1130 1807 1263 1873 quaeso,
1275 1788 1348 1873 pias

293 1881 390 1953 aures
404 1894 481 1953 tuas
496 1887 592 1953 nobis
608 1896 643 1954 et
657 1887 738 1953 audi
759 1910 812 1954 me
835 1911 971 1956 servum
989 1897 1098 1969 tuum,
1113 1912 1215 1977 quem
1237 1889 1279 1957 ab
1300 1892 1349 1955 in-

293 1990 402 2056 fantia
421 1992 559 2057 nutristi
574 1998 610 2058 et
625 2013 733 2078 usque
749 1992 792 2057 ad
806 1993 892 2059 hanc
915 1993 1004 2060 diem
1027 1994 1069 2060 de
1091 2016 1195 2059 manu
1216 1995 1349 2081 iniquo·

293 2116 370 2160 rum
384 2095 543 2173 liberasti,
555 2097 614 2181 qui
626 2118 679 2162 me
691 2119 751 2182 pro
763 2105 823 2162 tua
834 2097 998 2164 fidelitate
1013 2098 1158 2165 oderunt
1169 2106 1204 2165 et
1215 2098 1348 2165 odiunt.

294 2199 351 2264 Tu
372 2199 456 2263 mihi
479 2200 576 2265 testis
600 2221 636 2266 es
656 2207 691 2266 et
712 2200 848 2266 domina
868 2223 943 2268 mea
960 2210 1070 2269 mater·
1087 2203 1152 2269 Dei
1172 2210 1208 2269 et
1228 2202 1348 2269 beatus

294 2302 423 2369 Paulus
435 2302 540 2369 frater
549 2310 630 2369 tuus
646 2306 735 2371 inter
750 2326 866 2371 omnes
881 2314 1033 2372 sanctos:
1050 2306 1143 2392 quod
1157 2314 1217 2372 tua
1231 2314 1349 2372 sancta

294 2410 445 2476 Romana
460 2410 600 2476 ecclesia
614 2431 666 2476 me
683 2410 830 2475 invitum
845 2410 889 2475 ad
902 2432 964 2476 sua
982 2411 1211 2497 gubernacula
1233 2412 1348 2489 traxit,

294 2521 330 2579 et
344 2536 407 2601 ego
422 2535 490 2578 non
504 2513 655 2599 rapinam
671 2513 851 2579 arbitratus
866 2536 942 2579 sum
953 2514 997 2579 ad
1007 2514 1122 2580 sedem
1133 2523 1227 2581 tuam
1238 2535 1350 2580 ascen-
1385 2509 1388 2515 ’

290 2617 379 2692 dere,
390 2616 569 2701 potiusque
580 2615 673 2681 volui
683 2615 788 2681 vitam
799 2636 907 2680 meam
915 2617 952 2679 in
961 2618 1230 2704 peregrinatione
1241 2617 1348 2696 finire,

294 2743 397 2808 quam
418 2721 531 2787 locum
548 2726 648 2786 tuum
670 2742 730 2807 pro
752 2721 860 2808 gloria
882 2721 1000 2786 mundi
1025 2721 1189 2787 saeculari
1212 2723 1348 2809 ingenio

294 2827 448 2911 arripere.
494 2825 541 2891 Et
561 2825 639 2892 ideo
661 2847 704 2892 ex
726 2832 787 2891 tua
809 2826 919 2912 gratia
942 2845 1009 2890 non
1032 2847 1075 2891 ex
1095 2826 1178 2891 meis
1193 2824 1349 2910 operibus

295 2930 392 2997 oredo
408 2928 502 3016 quod
516 2930 578 2996 tibi
593 2930 724 3015 placuit
735 2936 770 2995 et
781 2930 910 3015 placet:
927 2937 968 2994 ut
977 2929 1124 3015 populus
1136 2928 1348 3007 christianus,

294 3033 357 3100 tibi
371 3035 561 3120 specialiter
576 3036 783 3112 commissus,
799 3034 882 3098 mihi
897 3032 1041 3099 obediat.
1074 3032 1275 3119 specialiter
1287 3054 1349 3119 pro

294 3140 368 3206 vice
383 3146 444 3204 tua
458 3139 542 3203 mihi
557 3140 731 3204 commissa
745 3146 781 3205 et
795 3138 879 3203 mihi
894 3145 954 3204 tua
975 3138 1085 3225 gratia
1100 3145 1152 3204 est
1166 3144 1315 3224 potestas
1329 3158 1351 3203 a

295 3242 369 3309 Deo
386 3242 466 3308 data
479 3242 608 3331 ligandi
624 3250 725 3330 atque
741 3243 894 3309 solvendi
909 3243 945 3307 in
962 3242 1035 3309 celo
1047 3242 1129 3309 etin
1143 3249 1242 3308 terra.
1274 3241 1349 3307 Hac

294 3347 410 3433 itaque
425 3345 550 3413 fiducia
564 3346 684 3425 fretus,
699 3368 760 3433 pro
776 3347 936 3413 ecclesiae
953 3353 1031 3413 tuae
1047 3345 1172 3412 honore
1188 3353 1224 3412 et
1237 3344 1351 3412 defen·

295 3452 398 3528 sione,
414 3472 458 3517 ex
473 3458 567 3537 parte
588 3451 828 3537 omnipotentis
843 3451 910 3517 Dei
925 3449 1035 3517 Patris
1051 3458 1087 3517 et
1101 3450 1181 3515 Filii
1196 3455 1232 3516 et
1247 3448 1350 3535 Spiri-
1412 3443 1415 3449 ’

295 3562 352 3621 tus
366 3556 475 3621 sancti
490 3577 550 3642 per
561 3562 657 3621 tuam
671 3561 875 3641 potestatem
886 3562 922 3621 et
937 3555 1172 3621 auctoritatem
1188 3554 1350 3620 Heinrico

295 3659 377 3746 regi,
400 3660 470 3725 filio
493 3659 645 3726 Heinrici
666 3659 885 3744 imperatoris,
909 3659 969 3745 qui
991 3666 1107 3724 contra
1129 3665 1224 3724 tuam
1249 3657 1352 3723 eccle·

296 3764 379 3829 siam
394 3762 547 3829 inaudita
561 3761 716 3848 superbia
731 3763 927 3840 insurrexit,
942 3764 1049 3828 totius
1071 3763 1168 3850 regni
1192 3761 1352 3836 Teutoni·

296 3888 411 3933 corum
444 3875 480 3934 et
514 3868 631 3933 Italiae
661 3868 891 3953 gubernacula
920 3866 1132 3943 contradi003
1170 3874 1206 3933 et
1234 3886 1351 3932 omnes

297 3970 495 4038 christianos
517 3993 537 4037 a
559 3972 697 4039 vinculo
719 3971 910 4057 juramenti,
926 3970 1019 4058 quod
1039 3970 1103 4038 sibi
1125 3970 1281 4038 fecerunt
1295 3968 1351 4036 vel
