3292 4809
337 602 381 667 42
556 618 690 669 snunor
714 615 922 667 imnrmvnn
946 615 1175 666 nocemus.

337 795 404 866 tur,
428 793 464 854 et
484 788 591 854 vitam
613 787 969 871 conversationemque
995 789 1090 850 tuam
1114 789 1186 850 tam
1210 783 1395 869 multiplici

337 891 475 958 infamia
486 890 724 968 dehonestasti,
737 890 973 982 obedientiam,
986 909 1089 974 quam
1100 889 1230 952 nullam
1244 887 1308 953 tibi
1323 909 1397 973 pro·

337 995 499 1073 misimus,
522 1016 584 1061 nec
608 993 649 1061 de
673 1001 804 1060 caetero
827 994 934 1058 ullam
955 1000 1147 1059 servaturos
1169 1012 1251 1069 esse,
1273 1012 1397 1057 renun-

337 1101 470 1178 tiamus,
486 1107 522 1165 et
537 1100 617 1185 quia
632 1120 730 1165 nemo
746 1104 910 1175 nostrum,
926 1104 967 1162 ut
976 1104 1018 1162 tu
1028 1095 1162 1182 publice
1174 1095 1395 1175 declamabas,

337 1203 399 1270 tibi
421 1204 585 1270 hactenus
608 1202 676 1269 fuit
698 1203 883 1289 episcopus,
907 1206 947 1267 tu
969 1221 1106 1287 quoque
1128 1200 1215 1286 nulli
1240 1207 1395 1266 nostrum

337 1308 456 1374 amodo
472 1308 537 1373 eris
553 1307 769 1394 apostolicus.

460 1601 504 1687 b)
528 1599 800 1689 Accompaapiop
821 1598 935 1668 Lettcr
947 1600 1043 1683 from
1064 1596 1183 1685 Heary
1203 1596 1269 1666 IV.

712 1781 1022 1845 mommnm

381 1936 564 2004 Heinricus
587 1958 657 2003 non
679 1937 908 2023 usurpatione,
930 1934 992 2003 sed
1012 1936 1068 2021 pia
1090 1935 1156 2001 Dei
1182 1933 1395 2003 ordinatione

336 2064 408 2120 rex,
421 2039 654 2107 Hildebrando
668 2041 737 2127 jam
752 2062 821 2105 non
837 2040 1032 2126 apostolico,
1043 2038 1105 2105 sed
1119 2038 1207 2105 falso
1218 2039 1395 2106 monacho.

338 2145 436 2211 Hanc
459 2144 562 2210 telem
584 2165 646 2230 pro
669 2142 868 2209 confusione
892 2150 952 2208 tua
974 2143 1212 2209 salutationem
1226 2164 1396 2228 promeru-

337 2249 404 2327 isti,
427 2249 487 2335 qui
511 2248 646 2313 nullum
669 2248 706 2311 in
730 2247 873 2313 ecclesia
897 2245 1048 2312 ordinem
1071 2247 1270 2332 praeteristi,
1292 2268 1395 2332 quem

338 2352 543 2418 confusionis
558 2371 627 2416 non
642 2350 788 2429 honoris,
802 2350 1046 2416 maledictionis
1058 2370 1127 2415 non
1137 2349 1394 2429 benedictionis,

337 2456 535 2543 participem
559 2474 628 2520 non
652 2453 781 2520 feceris.
828 2453 879 2520 Ut
906 2454 997 2520 enim
1020 2452 1063 2519 de
1087 2453 1205 2519 multis
1228 2474 1337 2540 pauca
1360 2462 1397 2520 et

338 2560 474 2647 egregia
496 2558 686 2643 loquamur,
710 2563 857 2624 rectores
880 2565 1014 2624 sanctae
1039 2558 1209 2637 ecclesiae,
1234 2558 1397 2626 videlicet

338 2662 612 2747 archiepiscopos,
643 2661 825 2747 episcopos,
854 2660 1065 2747 presbiteros,
1094 2683 1164 2727 non
1192 2662 1293 2729 modo
1324 2684 1395 2730 non

338 2774 487 2853 tangere,
503 2765 594 2830 sicut
608 2764 749 2829 christos
772 2764 922 2843 Domini,
937 2786 1006 2830 non
1027 2766 1183 2844 timuisti,
1199 2767 1284 2852 quin
1304 2768 1396 2834 sicut

337 2890 450 2936 servos
466 2869 655 2934 nescientes
670 2867 754 2953 quid
776 2867 881 2934 faciat
902 2868 1059 2935 dominus
1081 2891 1208 2947 eorum,
1223 2869 1287 2936 sub
1304 2871 1398 2957 pedi·

337 2972 400 3039 bus
415 2973 484 3037 tuis
499 2971 647 3037 calcasti.
682 2971 724 3035 In
736 2992 881 3056 quorum
896 2973 1149 3039 conculcatione
1164 2973 1228 3039 tibi
1242 2973 1396 3042 favorem

337 3076 380 3142 ab
391 3098 446 3142 ore
458 3075 555 3163 vulgi
567 3076 786 3161 comparasti3
802 3096 888 3160 quos
900 3097 1015 3142 omnes
1026 3076 1113 3141 nihil
1124 3079 1221 3157 scire,
1233 3084 1268 3144 te
1279 3087 1396 3146 autem

336 3180 448 3246 solum
463 3179 575 3245 omnia
590 3199 686 3245 nosse
707 3179 875 3265 judicasti,
893 3201 960 3265 qua
975 3180 1095 3266 utique
1109 3182 1253 3248 scientia
1268 3203 1337 3248 non
1352 3182 1397 3249 ad

338 3282 618 3360 aedificationem,
641 3281 702 3348 sed
724 3282 768 3347 ad
790 3282 1052 3349 destructionem
1074 3285 1127 3350 uti
1149 3285 1332 3363 studuisti;
1355 3295 1397 3353 ut

336 3387 410 3472 jure
425 3386 488 3452 hoc
504 3385 640 3451 beatum
658 3385 870 3473 Gregorium,
883 3387 980 3472 cujus
995 3408 1118 3453 nomen
1133 3387 1197 3454 tibi
1212 3393 1396 3476 usurpasti,

337 3490 378 3557 de
394 3498 429 3557 te
445 3489 661 3576 prophetasse
678 3489 853 3555 credamus
868 3490 916 3556 sic
932 3489 1119 3556 dicentem:
1144 3492 1198 3556 Ex
1221 3492 1397 3561 affluentia

336 3593 563 3680 subjectorum
589 3593 787 3678 plerumque
814 3592 946 3658 animus
972 3593 1113 3678 praelati
1143 3597 1334 3675 extollitur,
1360 3607 1397 3665 et

337 3699 492 3763 aestimat
504 3717 540 3762 se
563 3695 640 3782 plus
662 3694 816 3760 omnibus
838 3717 944 3781 posse.
989 3696 1037 3762 Et
1059 3717 1121 3763 nos
1145 3698 1285 3784 quidem
1311 3700 1396 3768 haec

337 3802 448 3865 omnia
462 3800 694 3875 sustinuimus,
711 3798 793 3863 dum
812 3800 1013 3884 apostolicae
1035 3800 1124 3867 sedis
1146 3801 1308 3869 honorem
1329 3826 1397 3871 ser-

336 3924 414 3969 vare
437 3902 649 3979 studuimus3
672 3899 733 3968 sed
754 3909 794 3968 tu
816 3900 1045 3969 humilitatem
1068 3912 1219 3971 nostram
1236 3908 1395 3974 timorem

336 4004 407 4072 iore
422 4006 632 4085 intellexisti,
646 4003 791 4091 ideoque
814 4012 849 4070 et
870 4005 907 4068 in
928 4006 1055 4093 regiam
1077 4015 1282 4093 potestatem
1298 4011 1395 4078 nobis
