3292 4809
298 598 340 665 72
515 615 650 663 sunnor
671 574 877 662 nnnrmvnn
903 597 1132 663 nocuunurs.

297 806 380 850 num
401 783 552 872 profecto
575 791 636 862 est,
659 791 699 849 ut
721 806 791 862 nos,
815 784 876 869 qui
899 782 1097 870 disponente
1121 784 1257 851 domino
1280 789 1351 851 uni·

297 882 402 955 ve‘rsis
435 889 599 955 catholice
636 888 774 955 ecclesie
808 888 898 953 filius
931 888 1090 953 debemus
1122 889 1350 956 sollicitudine

296 1000 437 1079 paterna
459 993 644 1069 consulere,
667 1013 842 1077 personam
864 999 960 1057 tuam
982 993 1086 1057 artius
1109 992 1299 1079 diligamus
1316 1005 1351 1061 et

297 1104 459 1183 tanquam
474 1097 712 1182 specialissimo
735 1095 875 1162 ecclesie
899 1095 1067 1162 defensori
1089 1097 1125 1160 in
1147 1098 1210 1173 his,
1226 1122 1291 1184 que
1308 1100 1352 1165 ad

297 1209 431 1267 statum*
440 1202 572 1287 imperii
586 1202 622 1265 in
637 1223 699 1266 suo
714 1201 831 1267 robore
844 1201 1108 1268 conservandum
1121 1209 1157 1267 et
1167 1204 1351 1269 utilitatem

297 1330 335 1373 ao
350 1307 540 1373 libertatem
562 1308 725 1372 catholice
746 1308 886 1373 ecclesie
902 1315 1053 1394 spectare
1070 1317 1265 1386 noscuntur,
1281 1317 1350 1373 tam

296 1412 482 1478 secundnm
512 1412 774 1479 ecclesiasticum
808 1411 955 1477 officium
984 1434 1088 1498 quam
1123 1414 1352 1498 temporaliter

296 1517 544 1602 imperatoriam
574 1518 761 1602 potentiam
787 1538 980 1604 augeamus.
1026 1517 1101 1582 Hoc
1123 1517 1282 1581 nimirum
1304 1518 1352 1580 in-

297 1622 390 1686 tuitu
405 1620 569 1686 allodium
583 1620 669 1686 bone
692 1622 849 1686 memorie
874 1620 1051 1686 Comitisse
1073 1620 1242 1697 Mattilde‚
1259 1621 1352 1705 quod

298 1726 417 1811 utique
440 1725 482 1791 ab
503 1746 543 1790 aa
564 1724 662 1789 beato
685 1724 789 1791 Petro
813 1732 947 1791 constat
969 1747 1039 1792 esse
1062 1726 1234 1801 collatum,
1257 1723 1351 1789 vobis

297 1829 548 1907 committimus,
564 1835 657 1894 etex
673 1830 855 1915 apostolice
870 1830 959 1894 sedis
975 1829 1223 1914 dispensatione
1239 1850 1352 1893 conce-

297 1932 418 2011 dimus,
435 1941 537 2019 atque
552 1934 588 1997 in
607 1934 775 2018 presentia
797 1932 942 1997 fratrum
964 1940 1155 1998 nostrorum
1177 1932 1353 2018 archiepis·

298 2059 468 2123 coporum,
492 2038 734 2123 episcoporum,
758 2036 928 2115 abbatum,
950 2059 1083 2103 necnon
1105 2037 1295 2122 principum
1317 2044 1352 2101 et

298 2140 460 2206 baronum
482 2163 542 2227 per
563 2140 718 2206 anullum
740 2142 987 2218 investivimus,
1009 2142 1059 2205 ita
1081 2140 1242 2207 videlicet
1255 2147 1296 2204 ut
1312 2139 1350 2205 Ο.

298 2245 400 2311 libras
412 2246 543 2333 argenti
558 2230 702 2333 singulis
713 2246 809 2310 annis
821 2245 915 2311 nobis
925 2252 961 2310 et
971 2244 1216 2310 successoribus
1228 2245 1351 2309 nostris

299 2349 463 2427 exsolvos,
480 2356 515 2414 et
529 2357 606 2435 post
621 2357 721 2415 tuum
735 2349 866 2415 obitum
881 2351 1065 2436 proprietas
1077 2350 1120 2414 ad
1131 2349 1184 2435 jus
1201 2356 1236 2413 et
1250 2348 1352 2413 domi-

298 2454 394 2517 nium
422 2460 537 2518 sancte
567 2452 716 2518 Romane
747 2453 885 2519 ecclesie
909 2474 986 2518 cum
1008 2454 1204 2540 integritate
1227 2452 1352 2537 absque

300 2556 523 2622 diminutione
553 2578 591 2623 ac
614 2558 769 2622 molestia
795 2564 992 2623 revertatur.
1039 2556 1141 2637 Quod
1162 2558 1191 2621 si
1213 2577 1275 2621 nos
1297 2556 1352 2621 vel

299 2659 420 2726 fratres
443 2668 576 2726 nostros
602 2662 639 2725 in
668 2660 809 2727 eandem
835 2668 958 2726 terram
985 2662 1111 2738 venire,
1138 2682 1271 2725 manere
1297 2660 1352 2725 vel

207 2810 211 2817 -
299 2765 440 2829 transire
456 2766 652 2850 oportuerit,
668 2772 738 2830 tam
758 2766 794 2828 in
817 2766 1040 2850 susceptione,
1056 2786 1158 2850 quam
1180 2766 1216 2828 in
1238 2786 1354 2850 procu·

299 2869 428 2934 rationo
451 2875 553 2955 atque
576 2890 693 2933 securo
717 2868 898 2946 conductu,
921 2876 1022 2954 prout
1051 2868 1234 2954 apostolica
1258 2868 1353 2933 sedes

300 2973 495 3051 decreverit,
517 2974 730 3037 honoremur.
777 2972 847 3053 Qui
877 2994 957 3039 vero
987 2994 1078 3038 arces
1109 2973 1267 3049 tenuerit,
1298 2972 1354 3037 vel

301 3076 426 3142 Rector
443 3083 532 3142 terre
551 3076 666 3154 fuerit,
680 3076 779 3142 beato
794 3076 897 3142 Petro
913 3085 948 3142 et
963 3076 1057 3141 nobis
1076 3077 1266 3160 nostrisque
1283 3097 1356 3140 suc·

301 3180 485 3246 sessoribus
515 3180 712 3245 fidelitatem
741 3180 877 3246 faciant.
936 3179 1096 3245 Ceterum
1125 3202 1186 3265 pro
1216 3180 1354 3245 caritate

194 3315 197 3326 ·
300 3292 412 3349 vestra
431 3283 535 3349 nobili
550 3286 623 3351 viro
640 3284 789 3350 Henrieo
812 3285 963 3350 Bawarie
987 3284 1075 3361 duci,
1091 3306 1216 3372 genero
1232 3291 1354 3360 vestro,

300 3395 336 3454 et
361 3388 428 3454 filie
445 3396 566 3465 vestre,
589 3389 688 3453 uxori
710 3389 792 3475 ejus,
816 3389 956 3454 eandem
978 3396 1101 3453 terram
1124 3410 1201 3454 cum
1223 3387 1355 3473 prefato

300 3514 403 3558 censu
419 3499 454 3557 et
468 3493 669 3578 supradictis
685 3491 933 3558 conditionibus
945 3493 1127 3578 apostolica
1139 3492 1355 3578 benegnitate

301 3595 533 3663 concedimus:
564 3597 612 3661 ita
635 3603 748 3661 tamen
771 3603 812 3660 ut
834 3596 924 3662 idem
950 3596 1021 3660 dux
1051 3596 1146 3661 nobis
1169 3596 1356 3660 hominium

301 3700 414 3778 faciat,
437 3707 473 3766 et
494 3686 692 3765 fidelitatem
718 3700 816 3766 beato
847 3701 949 3766 Petro
972 3722 1010 3767 ac
1039 3700 1136 3765 nobis
1165 3701 1356 3783 nostrisque

301 3804 548 3870 suecessoribus
582 3804 689 3891 juret:
728 3812 806 3891 post
836 3828 978 3890 quorum
1009 3804 1139 3870 obitum
1167 3803 1356 3890 predictum

303 3906 482 3974 Comitisse
505 3908 664 3976 Mattilde
685 3910 847 3975 allodium
862 3909 906 3973 ad
921 3910 974 3995 jus
990 3916 1025 3975 et
1040 3908 1227 3974 dominium
1241 3914 1356 3972 sancte
