3292 4809
324 587 367 655 94
542 607 676 656 smrcr
698 606 906 656 mnnrmvnr,
926 607 1157 657 nocunnnrs.

323 771 456 839 modam
471 775 754 860 tranquillitatem
769 784 804 841 et
817 798 944 862 pacem,
955 777 1004 842 ita
1019 775 1112 862 quod
1121 798 1183 862 per
1193 797 1271 843 eum
1283 776 1379 844 Deus
1441 788 1446 796 '

323 879 533 964 omnipotens
559 879 753 958 honoretur,
779 886 814 945 et
841 882 1002 947 aecclesia
1026 881 1178 946 Romana
1204 883 1380 967 omnisque

323 982 504 1047 christiana
514 983 648 1069 relligio
660 993 795 1071 gratum
808 984 955 1050 Domino
967 985 1110 1070 accipiat
1121 986 1378 1051 incrementum.

323 1086 373 1152 Ut
388 1095 502 1152 autem
516 1089 623 1151 omnis
638 1095 754 1152 nostra
773 1089 861 1153 actio
884 1089 1017 1173 plenius
1039 1089 1231 1176 legentibus
1254 1090 1381 1155 eluces-

323 1200 387 1268 cat,
403 1191 545 1279 dignum
563 1190 733 1269 duximus,
750 1198 790 1256 ut
805 1193 956 1257 omnium
971 1200 1126 1257 nostrum
1141 1213 1325 1259 consensus
1344 1199 1380 1259 et

321 1297 458 1361 nomina
473 1294 733 1362 subscribantur.

365 1401 439 1488 Ego
469 1399 672 1486 Peregrinus
702 1399 944 1488 Aquilegensis
970 1400 1161 1486 patriarcha
1187 1422 1265 1467 oum
1294 1402 1379 1467 meis

321 1503 543 1592 suffraganeis
558 1502 698 1569 interfui
714 1510 750 1570 et
761 1505 925 1570 consensi.
960 1504 1034 1592 Ego
1047 1503 1220 1570 Amaldus
1237 1505 1381 1592 Magun·

321 1610 414 1674 tinus
444 1608 713 1694 archiepiscopus
743 1629 821 1673 cum
852 1606 895 1673 14
924 1607 1145 1695 suffraganeis
1171 1608 1314 1673 interfui
1344 1616 1381 1674 et

321 1714 483 1779 consensi.
518 1711 592 1800 Ego
605 1711 800 1777 Hartwicus
812 1712 1004 1777 Bremensis
1016 1711 1285 1798 archiepiscopus
1300 1734 1380 1778 cum

319 1816 542 1904 suffraganeis
565 1816 647 1882 meis
676 1815 817 1882 interfui
847 1824 883 1882 et
912 1817 1076 1882 consensi.
1122 1816 1196 1904 Ego
1219 1816 1380 1883 Hellinus

321 1920 537 1987 Treverensis
559 1920 827 2006 archiepiscopus
850 1942 928 1985 cum
954 1921 1037 1987 meis
1058 1919 1281 2009 suffraganeis
1304 1942 1381 1987 oon·

319 2025 417 2090 sensi.
473 2025 547 2113 Ego
569 2024 753 2090 Reinaldus
778 2023 988 2090 coloniensis
1011 2023 1278 2110 archiepiscopus
1301 2046 1378 2092 cum

319 2131 402 2195 meis
416 2128 637 2216 suffraganeis
660 2129 823 2194 consensi.
880 2128 955 2216 Ego
970 2128 1218 2194 Wichmannus
1241 2126 1380 2216 Magda-

319 2233 494 2322 burgensis
506 2232 775 2319 archiepiscopus
787 2254 865 2298 cum
885 2234 969 2298 meis
979 2232 1202 2321 suffragancis
1214 2234 1379 2299 consensi.

320 2339 519 2403 Bizuntinus
546 2337 814 2423 archiepiscopus
844 2359 904 2422 per
935 2338 1089 2423 legatum
1117 2345 1153 2403 et
1185 2338 1380 2424 episcopum

319 2442 539 2508 Basiliensem
555 2442 733 2507 consensit.
787 2439 997 2507 Arelatensis
1013 2441 1280 2527 archiepiscopus
1304 2463 1380 2507 con-

317 2547 432 2612 sensit.
486 2544 725 2632 Lugdunensis
756 2545 1026 2630 archiepiscopus
1056 2567 1133 2611 cum
1162 2546 1233 2610 suis
1261 2544 1379 2611 suffra

317 2651 432 2737 ganeis
460 2649 639 2714 consensit.
685 2647 890 2713 Viennensis
913 2647 1183 2735 archiepiscopus
1206 2670 1286 2715 cum
1306 2650 1378 2716 suis

317 2752 539 2840 suffraganeis
565 2751 745 2817 consensit.
802 2751 983 2818 Heinricus
1013 2775 1073 2817 rex
1099 2753 1293 2840 Anglorum
1318 2775 1380 2838 per

317 2857 447 2944 legatos
456 2848 498 2922 'et
512 2857 642 2921 litteras
657 2876 736 2921 suas
754 2856 933 2921 consensit.
980 2857 1055 2922 Rex
1078 2855 1295 2944 Ungarorum
1317 2847 1378 2942 per

317 2962 448 3026 litteras
465 2967 500 3026 et
514 2960 645 3047 legatos
660 2980 738 3025 suos
755 2960 934 3025 consensit.
981 2960 1056 3025 Rex
1079 2961 1281 3026 Boemorum
1303 2982 1380 3026 con-

317 3066 433 3130 sensit.
485 3064 559 3129 Rex
584 3064 760 3128 Danorum
783 3064 964 3129 consensit.
1019 3063 1141 3129 Gwido
1164 3065 1293 3130 electus
1315 3064 1379 3130 Ra·

318 3169 533 3236 vennatensis
557 3168 735 3233 consensit.
793 3168 980 3253 Episcopus
1003 3168 1173 3233 Firminus
1197 3169 1377 3234 consensit.

318 3274 504 3359 Episcopus
520 3272 722 3338 Ferentinus
738 3272 918 3338 consensit.
972 3271 1182 3337 Mantuanus
1197 3273 1377 3337 consensit.

317 3377 550 3466 Pergamensis
563 3377 741 3442 consensit.
768 3375 1004 3463 Pergamensis
1017 3377 1196 3441 consensit.
1221 3376 1379 3442 Faventi-

317 3505 381 3547 nus
397 3481 578 3548 consensit.
624 3479 798 3545 Abbatum
814 3502 895 3546 vero
917 3479 1271 3565 archipresbiterorum
1293 3480 1379 3545 mul·

317 3585 430 3651 titudo
452 3584 705 3649 innumerabilis
735 3583 921 3648 multorum
948 3605 1129 3671 regnorum
1153 3582 1312 3648 interfuit
1341 3590 1377 3649 et

317 3690 496 3757 consensit.
541 3686 842 3776 Longobardorum
863 3687 1097 3753 inestimabilis
1119 3686 1306 3752 multitudo
1327 3688 1377 3752 in-

316 3794 436 3860 terluit
458 3800 493 3860 et
516 3794 695 3859 consensit.
756 3791 918 3857 Universi
943 3788 1013 3856 fere
1039 3791 1207 3876 principes
1233 3790 1377 3856 Romani

315 3899 457 3984 imperii,
473 3904 544 3963 tam
560 3896 739 3962 Teutonici
752 3917 855 3981 quam
870 3895 992 3971 Italici,
1015 3895 1136 3960 tamin
1159 3894 1251 3960 Urbe
1273 3915 1376 3980 qnam

316 4011 411 4068 extra
442 4002 579 4079 Urbem,
609 4000 840 4066 interfuerunt
869 4006 905 4064 et
933 4019 1106 4065 assensum
1135 4019 1214 4063 cum
1242 3998 1376 4086 ingenti

316 4106 481 4174 desiderio
497 4105 713 4192 prebuerunt.
