3292 4809
533 645 618 701 1116-
631 646 935 701 66166611111111(
956 650 1106 701 166166.
1154 628 1157 633 ’
1295 634 1348 702 ·91

294 819 483 886 rectoribus
504 820 585 886 cleri
607 819 750 884 Romani
769 841 808 884 ac
827 819 958 885 clericis
976 819 1019 884 de
1037 840 1099 885 sua
1119 819 1303 885 cardinalia
1320 822 1350 886 si

294 924 418 989 domno
431 925 566 989 Victori
581 930 670 989 esset
686 922 923 1002 obediendum,
936 945 1093 1009 expresse
1109 923 1283 990 confessus
1298 932 1351 990 est

294 1050 329 1095 se
344 1050 531 1113 numquam
546 1028 651 1093 fuisse
667 1029 895 1093 inmantatum
910 1033 946 1093 et
961 1050 1118 1113 expresse
1137 1028 1227 1093 dixit
1242 1053 1250 1092 :
1277 1030 1350 1094 ‘Ite

294 1140 330 1197 61
341 1132 476 1198 obedite
488 1133 530 1210 ei,
543 1154 645 1217 quem
656 1133 885 1197 inmantatum
900 1154 972 1197 esse
984 1132 1134 1199 videtis’
1174 1133 1283 1217 Super
1297 1133 1351 1198 his

294 1237 454 1322 capitulis
476 1235 617 1301 fuerunt
639 1242 745 1303 testes
763 1243 799 1301 et
819 1235 883 1302 sub
901 1237 989 1303 stola
1007 1238 1108 1302 tactis
1129 1238 1351 1303 sacrosanctis

294 1341 480 1427 evangeliis
494 1340 696 1427 juraverunt
711 1339 857 1407 domnus
875 1340 1000 1405 Petrus
1018 1340 1233 1407 Christianus
1253 1340 1350 1406 deca·

293 1466 358 1511 nus
379 1445 538 1510 basilicae
560 1444 652 1510 beati
675 1444 773 1509 Petri
792 1451 829 1510 et
848 1445 886 1509 in
903 1466 1047 1531 persona
1065 1467 1126 1511 sua
1144 1452 1179 1510 et
1199 1446 1350 1511 omnium

293 1547 439 1614 fratrum
461 1570 610 1615 suorum.
658 1549 870 1615 duraverunt
891 1550 995 1614 etiam
1009 1549 1221 1615 venerabiles
1243 1550 1350 1614 archi-

293 1652 473 1738 presbiteri
496 1660 532 1718 et
554 1660 702 1719 rectores
725 1654 807 1719 cleri
835 1653 979 1718 Romani
1004 1654 1139 1719 Blasius
1160 1661 1196 1718 et
1220 1654 1350 1718 Maine·

293 1758 374 1835 rius,
390 1758 558 1843 presbiter
578 1758 600 1823 J
602 1757 760 1836 ohannes,
777 1757 946 1843 presbiter
969 1757 1128 1846 Gentilis,
1145 1756 1350 1823 Aimeradus

294 1861 564 1946 archipresbiter,
577 1862 753 1927 Bernadus
769 1861 1040 1946 archipresbiter,
1053 1862 1075 1927 J
1077 1861 1228 1927 ohannes
1242 1861 1350 1925 archi·

292 1965 469 2050 presbiter,
481 1965 687 2032 Benedictus
699 1966 871 2043 diaconus,
881 1966 1044 2051 magister
1055 1965 1237 2030 Tolomeus
1246 1964 1351 2029 archi-

293 2069 469 2154 presbiter,
486 2070 648 2156 magister
666 2069 840 2135 Gerardus
860 2077 896 2134 et
911 2070 1072 2134 Nicolaus
1087 2076 1123 2133 61
1138 2069 1197 2133 alii
1213 2067 1350 2133 honesti

293 2170 404 2235 clerici
421 2168 574 2233 Romani.
619 2167 777 2234 Preterea
792 2168 916 2234 Petrus
935 2169 1078 2234 illustris
1101 2167 1202 2233 Urbis
1224 2167 1351 2253 prefec-

175 2296 178 2300 ·
293 2280 359 2351 tus,
386 2271 577 2357 Stephanus
604 2271 645 2337 de
674 2271 859 2350 ThebaldO,
887 2270 1078 2358 Stephanus
1107 2271 1349 2349 Nortmannus‚

296 2376 487 2442 Gimundus
500 2375 541 2442 de
558 2376 657 2441 domo
673 2376 768 2443 Petri
784 2376 918 2455 Leonis,
931 2376 953 2441 J
955 2376 1103 2441 ohannes
1120 2373 1162 2441 (16
1178 2374 1350 2461 Stephano
1415 2405 1419 2414 ·

294 2487 329 2547 et
350 2482 410 2547 alii
431 2482 599 2566 principes
622 2488 658 2546 et
679 2481 807 2546 nobiles
831 2481 984 2558 Romani,
1001 2481 1060 2565 qui
1080 2478 1350 2546 advocationem

293 2586 497 2652 serenissimi
518 2586 729 2671 imperatoris
752 2592 926 2662 venerant,
949 2585 986 2648 in
1009 2592 1192 2670 conspectu
1216 2583 1350 2650 concilii

294 2711 394 2775 super
408 2690 475 2775 jam
491 2689 591 2755 dictis
607 2690 763 2774 capitulis
779 2711 822 2755 61
838 2690 985 2754 maxima
999 2696 1094 2775 parte
1117 2688 1350 2754 testimonium

294 2794 449 2859 similiter
468 2792 713 2879 perhibuerunt
739 2800 774 2859 61
798 2794 910 2880 jurare
937 2792 1131 2859 voluerunt.
1176 2790 1244 2857 Sed
1270 2793 1351 2877 quia

294 2919 356 2962 nos
370 2897 616 2985 relligiosorum
630 2898 892 2984 presbiterorum
914 2897 1099 2962 multorum
1121 2897 1351 2962 testimonium

295 3001 463 3068 sufficiens
479 3008 515 3067 et
528 3001 879 3067 habundantissimum
893 3001 1105 3078 habebamus,
1121 3000 1280 3065 duximus
1295 3000 1353 3064 lai-
1440 3025 1443 3032 ¹

296 3106 343 3171 cis
354 3106 390 3169 in
402 3105 465 3171 hac
477 3113 571 3191 parte
583 3105 801 3191 parcendum.
841 3105 973 3171 Deinde
985 3104 1193 3171 venerabiles
1205 3104 1351 3190 episcopi

297 3209 525 3275 Herimannus
540 3208 730 3288 Ferdensis,
745 3209 869 3275 Daniel
885 3210 1067 3297 Bragensis
1082 3217 1119 3275 et
1134 3208 1219 3274 Otto
1236 3208 1370 3295 palati-⁴

296 3333 360 3378 nus
376 3335 486 3379 comcs
501 3321 537 3379 et
551 3313 711 3401 magister
727 3313 927 3379 Heribertus
942 3314 1142 3399 prepositus,
1158 3334 1243 3398 quos
1262 3312 1354 3377 dom·

296 3439 361 3483 nus
371 3419 553 3503 imperator
565 3440 608 3483 61
620 3418 760 3483 consilio
773 3417 816 3481 22
829 3418 1062 3503 episcoporum
1071 3424 1107 3483 61
1119 3410 1352 3482 Cisterciensis

296 3529 331 3587 61
346 3521 605 3587 Olarevallensis
621 3522 779 3588 abbatum
790 3522 1001 3607 aliorumque
1013 3522 1259 3608 relligiosorum
1269 3527 1353 3586 tunc

241 3682 242 3685 ,
296 3626 503 3710 presentium
520 3626 661 3691 Romam
680 3625 904 3713 delegaverat,
919 3632 961 3690 ut
981 3632 1094 3710 partes
1116 3631 1195 3690 ante
1218 3624 1353 3690 concilii

296 3730 498 3815 presentiam
513 3728 654 3814 Papiam
669 3736 859 3806 evocarent,
873 3729 911 3793 in
929 3735 1112 3813 conspectu
1133 3728 1269 3794 concilii
1291 3734 1355 3793 tes·
1460 3749 1463 3754 ·

297 3834 477 3898 timonium
503 3833 754 3919 perhibuerunt,
779 3831 872 3918 quod
901 3832 1094 3898 Rolandum
1118 3832 1354 3897 cancellarium

298 3944 333 4003 et
348 3945 478 4024 partem
493 3938 566 4023 ejus
582 3938 681 4003 trinis
703 3936 823 4003 edictis
846 3959 906 4023 per
927 3937 1109 4002 intervalla
1130 3936 1352 4021 peremptorie

298 4047 333 4108 et
347 4041 579 4128 sollempniter
593 4041 637 4107 ad
650 4042 854 4129 presentiam
868 4041 1049 4108 aecclesiae
1070 4039 1195 4126 Papiae
1218 4061 1355 4136 congre-
