3292 4809
332 1036 381 1103 11.
425 1033 607 1103 PERIOD
635 1035 697 1102 OF
727 1034 826 1101 THE
857 1033 1020 1103 SAXON
1049 1033 1314 1102 EMPFRORS.

753 1213 893 1243 -οου-

382 1350 458 1414 rm:
480 1349 663 1414 monor
685 1349 731 1414 ΟΡ
749 1350 879 1414 mm
901 1350 976 1413 THE
994 1349 1147 1414 roma
1171 1350 1266 1418 (919).

452 1496 615 1558 [uranum
624 1498 720 1545 aarum
729 1496 867 1545 semma
877 1496 1061 1545 saxonicarum
1070 1497 1135 1554 na,
1146 1494 1204 1556 m]

340 1640 415 1705 Rex
441 1645 556 1705 autem
581 1637 754 1724 profectus
780 1638 817 1702 in
844 1638 1045 1716 Boioariam‚
1072 1637 1250 1704 dimicavit
1274 1660 1352 1704 oum

297 1742 456 1821 Amulio
478 1742 592 1821 stibi,
615 1748 656 1807 ut
679 1740 817 1827 quidam
839 1741 990 1819 tradunt,
1014 1742 1223 1820 vulneratus,
1245 1763 1353 1808 rever-

296 1848 383 1914 titur
407 1848 444 1911 in
473 1847 616 1933 patriam
645 1867 751 1911 suam.
797 1845 953 1931 Cumque
982 1867 1018 1911 se
1046 1844 1163 1911 morbo
1192 1846 1353 1912 sensisset

296 1951 446 2016 laborare
461 1951 587 2035 pariter
609 1971 686 2016 oum
709 1948 898 2018 defectione
920 1949 1046 2034 primae
1069 1948 1236 2027 fortunae,
1251 1955 1353 2015 vooat

296 2054 445 2131 fratrem,
469 2055 528 2139 qui
551 2075 629 2118 eum
651 2053 811 2120 visitandi
834 2054 943 2140 gratia
965 2052 1091 2129 aderat,
1112 2074 1281 2138 quemque
1304 2053 1353 2118 ita

296 2155 505 2241 alloquitur:
531 2152 710 2231 “Sentio”
731 2152 856 2237 inquit,
874 2152 1015 2230 “frater,
1032 2151 1162 2219 diutius
1181 2155 1352 2220 maistam

296 2260 403 2325 vitam
424 2265 541 2323 tenere
564 2279 634 2322 non
656 2277 763 2340 posse,
783 2255 868 2333 Deo,
890 2256 949 2340 qui
972 2255 1145 2322 ordinavit
1167 2258 1226 2336 ita,
1247 2258 1352 2343 impe-

295 2370 403 2440 rante,
419 2362 584 2448 gravique
608 2360 724 2426 morbo
747 2359 784 2423 id
806 2367 959 2445 cogente.
1006 2360 1222 2445 Quapropter
1244 2362 1351 2427 oonsi-

296 2466 507 2532 derationem
527 2465 580 2530 tui
598 2464 733 2541 habet0,
749 2470 784 2529 et
807 2463 901 2548 quod
919 2463 963 2528 ad
981 2471 1016 2529 te
1034 2465 1180 2529 maxime
1199 2465 1348 2550 respicit.

297 2571 504 2636 Francorum
516 2576 590 2634 toto
602 2589 708 2654 regno
720 2567 899 2646 consulito,
912 2568 978 2633 mei
994 2567 1220 2647 adtendendo,
1233 2567 1350 2635 fratris

294 2675 359 2752 tui,
376 2674 527 2741 oonsilio.
577 2672 664 2737 Sunt
687 2671 794 2749 nobis,
811 2670 927 2748 frater,
951 2673 1066 2756 copiae
1090 2673 1259 2739 exercitus
1274 2695 1351 2739 oon-

295 2778 461 2865 gregandi
477 2785 580 2862 atque
597 2776 753 2853 ducendi,
766 2775 963 2841 sunt'urbes
978 2781 1013 2840 et
1029 2797 1122 2841 arma
1137 2797 1214 2842 oum
1229 2778 1351 2863 regali-

295 2881 358 2948 bus
369 2881 527 2967 insigniis
539 2887 573 2945 et
589 2902 687 2946 omne
699 2880 789 2964 quod
805 2879 908 2945 deous
923 2880 1055 2965 regium
1071 2879 1224 2964 deposcit
1238 2888 1352 2966 preter

294 2986 473 3052 fortunam.
491 2992 594 3069 atque
617 3005 737 3049 mores.
786 2983 950 3061 Fortuna,
973 2982 1091 3061 frater,
1114 3004 1191 3049 oum
1214 2984 1351 3051 nobilis-

295 3090 390 3156 simis
411 3088 562 3155 moribus
585 3088 748 3154 Heinrioo
767 3087 869 3166 eadit,
886 3109 999 3154 rerum
1021 3087 1233 3173 publicarum
1256 3110 1352 3155 seous

296 3194 446 3261 Saxones
458 3214 588 3259 summa
600 3199 662 3258 est.
698 3191 851 3279 Sumptis
866 3192 973 3279 igitur
988 3193 1042 3259 his
1057 3193 1224 3279 insigniis,
1235 3194 1353 3259 lancea

295 3320 398 3378 saera,
415 3298 557 3363 armillis
575 3297 687 3363 aureis
705 3318 783 3361 oum
806 3296 984 3362 olammide
1007 3303 1042 3363 et
1060 3304 1215 3363 veterum
1236 3297 1352 3383 gladio

294 3425 415 3489 regum
437 3424 476 3467 ao
499 3400 700 3479 diademate,
723 3402 774 3467 ito
796 3400 841 3466 ad
867 3401 1078 3479 Heinrioum,
1101 3402 1206 3468 faoito
1235 3424 1352 3489 paoem

295 3529 373 3574 oum
387 3528 437 3585 eo,
449 3512 490 3571 ut
505 3526 583 3571 eum
598 3504 811 3571 foederatum
826 3506 934 3590 possis
949 3505 1072 3571 habere
1087 3506 1123 3571 in
1138 3515 1351 3591 perpetuum.

297 3610 391 3691 Quid
421 3611 511 3675 enim
536 3630 671 3676 neeesse
698 3615 759 3687 est,
784 3615 825 3673 ut
850 3608 948 3674 eadat
971 3609 1117 3694 populus
1144 3610 1351 3676 Francorum

295 3724 408 3781 tecum
424 3736 537 3781 eoram
553 3714 618 3780 eo?
663 3713 741 3799 lpse
761 3714 852 3778 enim
868 3734 947 3779 vere
962 3734 1023 3778 rex
1039 3714 1104 3778 erit
1119 3722 1154 3779 et
1169 3715 1352 3798 imperator

294 3820 481 3885 multorum
503 3817 743 3904 populorum.’'
789 3817 855 3883 His
873 3816 974 3883 dictis
992 3817 1099 3882 frater
1117 3817 1295 3884 lacrimans
1316 3839 1352 3884 so

294 3924 486 3990 ⁴consentire
500 3921 686 4008 respondit.
728 3921 811 3987 Post
821 3921 904 3987 haee
916 3926 1030 3987 autem
1041 3942 1102 3987 rex
1113 3922 1185 4007 ipse
1197 3924 1351 4002 moritur,

1152 4033 1192 4096 19
