3292 4809
292 574 357 645 124
511 583 644 645 snnnc‘r
665 590 873 646 smnrmvnn
893 591 1124 645 nocmmsrs.

292 764 336 830 ad
365 763 426 830 heo
454 772 605 850 tempora
630 765 765 851 negotia
794 764 928 850 propria
953 763 1086 850 plenius
1113 770 1148 829 et
1172 760 1346 849 perfectus

293 869 548 934 consummavit.
588 868 741 934 Tandem
756 889 834 933 cum
849 867 891 933 de
907 867 1060 933 manibus
1075 866 1183 933 felicis
1198 866 1348 932 recorda·

293 973 395 1038 tionis
411 971 554 1037 Honorii
569 992 664 1057 pape,
680 971 924 1057 predecessoris
946 972 1063 1049 nostri,
1081 971 1118 1035 in
1138 970 1229 1036 beati
1252 969 1347 1036 Petri

292 1077 429 1142 basilica
450 1077 631 1161 recepisset
651 1076 783 1161 imperii
805 1075 970 1155 diadema,
986 1075 1027 1142 de
1043 1076 1197 1140 manibus
1211 1076 1347 1153 nostris,

293 1189 375 1246 tunc
405 1182 441 1245 in
471 1180 592 1245 minori
622 1179 730 1245 officio
760 1181 966 1259 constitutis,
993 1201 1127 1246 crucem
1152 1181 1347 1264 resumpsit,

293 1293 413 1351 votum
428 1283 561 1370 publice
580 1285 766 1362 innovavit,
782 1284 897 1370 plures
920 1284 962 1350 de
985 1306 1042 1371 spe
1065 1286 1119 1350 sui
1140 1283 1281 1350 subsidii
1303 1283 1348 1349 ad

294 1411 427 1455 crucem
441 1387 688 1475 suscipiendam
703 1388 851 1471 induxit,
867 1396 997 1455 certum
1016 1389 1144 1475 recepit
1165 1389 1349 1454 terminum

294 1492 545 1558 transfretandi.
576 1491 703 1557 Habito
716 1513 852 1578 quoque
868 1492 1084 1578 postmodum
1099 1492 1190 1578 apud
1201 1492 1349 1557 Verulas
1452 1516 1454 1521 ·

294 1619 372 1663 cum
395 1597 545 1663 Ecclesia
573 1597 724 1661 Romana
746 1597 926 1682 colloquio,
948 1597 1075 1682 juravit
1096 1597 1229 1683 publice
1250 1618 1287 1661 se
1311 1597 1348 1660 in

294 1709 387 1767 certo
412 1703 555 1767 termino
580 1722 601 1765 a
628 1701 780 1765 Romana
803 1700 866 1765 sibi
891 1702 1031 1766 ecclesia
1057 1700 1251 1789 prefigendo
1277 1708 1350 1765 tan·

295 1827 397 1891 quam
432 1806 668 1891 imperatorem
700 1804 882 1869 honorifice
912 1803 1153 1890 proiecturum.
1213 1803 1349 1869 Exinde

294 1910 385 1996 apud
414 1908 643 1986 Ferentinum,
669 1909 707 1972 in
736 1909 906 1993 colloquio
936 1909 1049 1986 simili,
1075 1908 1219 1973 duorum
1248 1929 1351 1973 anno

294 2036 369 2078 rum
383 2012 621 2079 transfretandi
640 2012 703 2077 sibi
719 2012 823 2099 elegit
838 2013 1021 2077 terminum
1035 2019 1070 2077 et
1084 2012 1229 2097 prefixit,
1244 2034 1349 2097 seque

294 2125 376 2183 tunc
391 2118 613 2183 transiturum
627 2124 663 2181 et
677 2116 823 2181 nobilem
840 2117 1014 2182 mulierem
1029 2124 1142 2181 natam
1163 2117 1350 2182 charissimi

294 2223 329 2287 in
342 2221 477 2287 Christo
488 2221 549 2285 filii
564 2221 671 2285 nostri
686 2220 708 2285 J
710 2221 827 2285 oannis
841 2220 930 2307 regis
946 2219 1247 2306 Hierosolymitani
1257 2220 1351 2285 illus·
1376 2293 1379 2307 ἱ

294 2326 365 2403 tris,
375 2326 480 2410 ipsius
492 2325 587 2411 regni
599 2323 765 2401 heredem,
776 2324 813 2387 in
822 2324 999 2411 conjugem
1009 2330 1222 2409 recepturum
1233 2323 1350 2389 solem·

295 2430 383 2495 niter
393 2430 534 2515 prestito
549 2429 737 2514 juramento
749 2427 931 2513 spopondit
940 2452 950 2504 ;
973 2426 1170 2515 adjungens,
1183 2427 1276 2513 quod
1290 2450 1351 2513 per

295 2533 358 2599 hoc
381 2532 425 2597 ad
448 2532 644 2617 obsequium
661 2539 749 2597 terre
765 2538 890 2609 sancte,
906 2553 975 2596 non
990 2516 1031 2597 ut
1045 2532 1150 2597 ceteri
1171 2532 1348 2620 peregrini,

294 2636 355 2703 sed
377 2644 417 2702 ut
438 2636 686 2721 Hospitalarius
709 2635 765 2701 vel
788 2635 1010 2720 Templarius,
1033 2657 1068 2701 se
1091 2636 1351 2721 inperpetuum

296 2740 475 2829 obligabat.
530 2740 837 2825 Appropinquante
863 2740 978 2824 itaque
1005 2740 1149 2805 termino
1174 2739 1350 2825 prelibato,

296 2846 387 2930 cepit
403 2844 607 2930 multiplices
631 2844 865 2908 excusationes
887 2843 1088 2928 pretendere
1109 2865 1145 2909 se
1168 2843 1212 2908 ad
1232 2844 1351 2909 transi·

222 3028 224 3032 ¹
296 2956 370 3013 tum
392 2970 540 3013 asserens
563 2949 774 3033 imparatum,
791 2955 827 3013 et
841 2954 882 3012 ut
896 2947 1008 3012 denuo
1024 2947 1168 3012 duorum
1185 2969 1350 3012 annorum

296 3053 358 3118 sibi
388 3052 525 3117 daretur
549 3052 723 3127 terminus,
746 3050 887 3139 grandia
917 3050 1040 3116 obtulit
1070 3051 1231 3137 obsequia
1260 3060 1350 3117 terre

296 3165 412 3223 sancte
443 3178 520 3221 cum
549 3155 810 3241 obligationibus
839 3155 921 3219 satis
951 3157 1091 3242 magnis.
1153 3157 1352 3241 Apostolioa

297 3282 376 3328 vero
401 3259 503 3326 Sedes
527 3281 570 3325 ne
594 3260 697 3324 tantis
722 3258 889 3323 laboribus
914 3258 1098 3324 exsufflatis
1122 3267 1159 3325 et
1183 3260 1352 3325 inutiliter

296 3366 344 3431 sio
360 3365 530 3430 exhaustis
546 3370 657 3428 totum
672 3362 914 3428 dissolveretur
929 3364 1113 3449 negotium,
1130 3363 1222 3449 quod
1237 3363 1352 3429 hume·

297 3471 342 3534 ris
357 3469 458 3555 hujus
474 3468 634 3553 principis
650 3474 727 3553 post
738 3467 925 3532 Romanam
936 3467 1121 3532 Ecclesiam
1132 3468 1351 3555 principalius

297 3572 520 3649 incumbebat,
532 3571 647 3637 habito
662 3572 812 3657 plurium
824 3572 1056 3657 episcoporum
1070 3580 1106 3638 et
1120 3572 1264 3637 aliorum
1278 3595 1350 3658 pro-

296 3678 416 3743 borum
431 3678 581 3742 virorum
595 3676 745 3753 oonsilio,
762 3675 804 3741 de
820 3676 1095 3763 contingentibus
1111 3677 1160 3741 nil
1178 3678 1350 3755 omittens,

297 3781 521 3848 venerabilem
543 3779 681 3845 fratrem
703 3787 856 3844 nostrum
880 3778 1098 3867 P(elagium)
1123 3780 1352 3846 Albancnsem

298 3887 500 3971 episcopum,
527 3891 563 3949 et
588 3883 674 3949 bone
698 3884 854 3948 memorie
880 3882 923 3947 G.
948 3884 1042 3948 tituli
1069 3882 1183 3949 Sancti
1210 3884 1352 3979 Martini

297 3989 529 4076 presbyterum
545 3987 747 4053 cardinalem
768 3986 812 4052 ad
834 3986 998 4052 firmanda
1020 4009 1060 4052 ea
1082 4010 1148 4074 que
1170 3989 1353 4075 imperator
