<?xml version="1.0" encoding="UTF-8"?>
<!DOCTYPE html PUBLIC "-//W3C//DTD XHTML 1.0 Transitional//EN"
    "http://www.w3.org/TR/xhtml1/DTD/xhtml1-transitional.dtd">
<html xmlns="http://www.w3.org/1999/xhtml" xml:lang="en" lang="en">
 <head>
  <title>
</title>
<meta http-equiv="Content-Type" content="text/html;charset=utf-8" />
  <meta name='ocr-system' content='tesseract 3.04.00' />
  <meta name='ocr-capabilities' content='ocr_page ocr_carea ocr_par ocr_line ocrx_word'/>
</head>
<body>
  <div class='ocr_page' id='page_1' title='image "./selectmediaeval01mathgoog_0103.png"; bbox 0 0 3292 4809; ppageno 0'>
   <div class='ocr_carea' id='block_1_1' title="bbox 544 618 1355 696">
    <p class='ocr_par' dir='ltr' id='par_1_1' title="bbox 544 618 1355 696">
     <span class='ocr_line' id='line_1_1' title="bbox 544 618 1355 696; baseline 0.001 -2"><span class='ocrx_word' id='word_1_1' title='bbox 544 638 621 694; x_wconf 78' lang='lat' dir='ltr'>rsa</span> <span class='ocrx_word' id='word_1_2' title='bbox 642 636 944 695; x_wconf 72' lang='lat' dir='ltr'>nonnusrscrm·</span> <span class='ocrx_word' id='word_1_3' title='bbox 966 633 1113 693; x_wconf 70' lang='lat' dir='ltr'>emron.</span> <span class='ocrx_word' id='word_1_4' title='bbox 1315 618 1355 696; x_wconf 77' lang='grc'>97</span> 
     </span>
    </p>
   </div>
   <div class='ocr_carea' id='block_1_2' title="bbox 289 808 1381 2885">
    <p class='ocr_par' dir='ltr' id='par_1_2' title="bbox 289 808 1381 2885">
     <span class='ocr_line' id='line_1_2' title="bbox 299 808 1357 882; baseline -0.002 -1"><span class='ocrx_word' id='word_1_5' title='bbox 299 808 443 882; x_wconf 87' lang='lat' dir='ltr'>rundam</span> <span class='ocrx_word' id='word_1_6' title='bbox 465 823 657 881; x_wconf 89' lang='lat' dir='ltr'>nostrorum</span> <span class='ocrx_word' id='word_1_7' title='bbox 678 836 746 879; x_wconf 92' lang='lat' dir='ltr'>non</span> <span class='ocrx_word' id='word_1_8' title='bbox 769 813 948 879; x_wconf 88' lang='lat' dir='ltr'>immodica</span> <span class='ocrx_word' id='word_1_9' title='bbox 970 811 1144 879; x_wconf 89' lang='lat' dir='ltr'>videretur</span> <span class='ocrx_word' id='word_1_10' title='bbox 1165 835 1209 880; x_wconf 84' lang='lat' dir='ltr'>ex</span> <span class='ocrx_word' id='word_1_11' title='bbox 1233 813 1357 881; x_wconf 88' lang='lat' dir='ltr'>fiducia</span> 
     </span>
     <span class='ocr_line' id='line_1_3' title="bbox 289 915 1357 1005; baseline -0.004 -20"><span class='ocrx_word' id='word_1_12' title='bbox 289 928 431 985; x_wconf 86' lang='lat' dir='ltr'>nostrae</span> <span class='ocrx_word' id='word_1_13' title='bbox 460 920 612 984; x_wconf 79' lang='lat' dir='ltr'>lenitatis</span> <span class='ocrx_word' id='word_1_14' title='bbox 641 916 844 984; x_wconf 90' lang='lat' dir='ltr'>seducenda.</span> <span class='ocrx_word' id='word_1_15' title='bbox 904 917 1016 1005; x_wconf 79' lang='lat' dir='ltr'><strong>Igitur</strong></span> <span class='ocrx_word' id='word_1_16' title='bbox 1046 916 1117 983; x_wconf 89' lang='lat' dir='ltr'>zelo</span> <span class='ocrx_word' id='word_1_17' title='bbox 1154 915 1357 983; x_wconf 82' lang='lat' dir='ltr'>reformandi</span> 
     </span>
     <span class='ocr_line' id='line_1_4' title="bbox 298 1022 1358 1108; baseline -0.004 -18"><span class='ocrx_word' id='word_1_18' title='bbox 298 1025 426 1090; x_wconf 90' lang='lat' dir='ltr'>decoris</span> <span class='ocrx_word' id='word_1_19' title='bbox 443 1022 560 1088; x_wconf 92' lang='lat' dir='ltr'>domus</span> <span class='ocrx_word' id='word_1_20' title='bbox 581 1022 648 1088; x_wconf 93' lang='lat' dir='ltr'>Dei</span> <span class='ocrx_word' id='word_1_21' title='bbox 670 1022 847 1087; x_wconf 77' lang='lat' dir='ltr'><strong>ardentius</strong></span> <span class='ocrx_word' id='word_1_22' title='bbox 864 1022 1006 1098; x_wconf 80' lang='lat' dir='ltr'>accensi,</span> <span class='ocrx_word' id='word_1_23' title='bbox 1022 1042 1100 1085; x_wconf 91' lang='lat' dir='ltr'>oum</span> <span class='ocrx_word' id='word_1_24' title='bbox 1122 1042 1236 1108; x_wconf 89' lang='lat' dir='ltr'>regem</span> <span class='ocrx_word' id='word_1_25' title='bbox 1258 1022 1358 1086; x_wconf 87' lang='lat' dir='ltr'>Fran-</span> 
     </span>
     <span class='ocr_line' id='line_1_5' title="bbox 297 1125 1359 1213; baseline -0.003 -19"><span class='ocrx_word' id='word_1_26' title='bbox 297 1150 424 1204; x_wconf 83' lang='lat' dir='ltr'>corum,</span> <span class='ocrx_word' id='word_1_27' title='bbox 440 1128 509 1213; x_wconf 92' lang='lat' dir='ltr'>qui,</span> <span class='ocrx_word' id='word_1_28' title='bbox 527 1128 623 1191; x_wconf 91' lang='lat' dir='ltr'>nulla</span> <span class='ocrx_word' id='word_1_29' title='bbox 638 1133 754 1191; x_wconf 88' lang='lat' dir='ltr'>nostra</span> <span class='ocrx_word' id='word_1_30' title='bbox 770 1126 871 1211; x_wconf 90' lang='lat' dir='ltr'>culpa</span> <span class='ocrx_word' id='word_1_31' title='bbox 891 1131 1086 1211; x_wconf 89' lang='lat' dir='ltr'>praeeunte,</span> <span class='ocrx_word' id='word_1_32' title='bbox 1101 1146 1170 1189; x_wconf 90' lang='lat' dir='ltr'>una</span> <span class='ocrx_word' id='word_1_33' title='bbox 1193 1146 1271 1191; x_wconf 92' lang='lat' dir='ltr'>cum</span> <span class='ocrx_word' id='word_1_34' title='bbox 1294 1125 1359 1191; x_wconf 90' lang='lat' dir='ltr'>Ro-</span> 
     </span>
     <span class='ocr_line' id='line_1_6' title="bbox 295 1228 1356 1317; baseline -0.002 -20"><span class='ocrx_word' id='word_1_35' title='bbox 295 1232 406 1311; x_wconf 91' lang='lat' dir='ltr'>lando,</span> <span class='ocrx_word' id='word_1_36' title='bbox 421 1232 553 1317; x_wconf 90' lang='lat' dir='ltr'>imperii</span> <span class='ocrx_word' id='word_1_37' title='bbox 576 1231 683 1295; x_wconf 85' lang='lat' dir='ltr'>nostri</span> <span class='ocrx_word' id='word_1_38' title='bbox 707 1230 804 1296; x_wconf 90' lang='lat' dir='ltr'>hoste</span> <span class='ocrx_word' id='word_1_39' title='bbox 828 1228 972 1314; x_wconf 88' lang='lat' dir='ltr'>publico,</span> <span class='ocrx_word' id='word_1_40' title='bbox 992 1229 1132 1314; x_wconf 83' lang='lat' dir='ltr'>ejusque</span> <span class='ocrx_word' id='word_1_41' title='bbox 1155 1230 1356 1315; x_wconf 84' lang='lat' dir='ltr'>sequacibus</span> 
     </span>
     <span class='ocr_line' id='line_1_7' title="bbox 295 1332 1355 1427; baseline -0.002 -26"><span class='ocrx_word' id='word_1_42' title='bbox 295 1336 502 1427; x_wconf 79' lang='lat' dir='ltr'>imperialem</span> <span class='ocrx_word' id='word_1_43' title='bbox 518 1343 672 1400; x_wconf 91' lang='lat' dir='ltr'>nostrum</span> <span class='ocrx_word' id='word_1_44' title='bbox 688 1334 851 1399; x_wconf 91' lang='lat' dir='ltr'>honorem</span> <span class='ocrx_word' id='word_1_45' title='bbox 867 1332 1044 1398; x_wconf 85' lang='lat' dir='ltr'>manifeste</span> <span class='ocrx_word' id='word_1_46' title='bbox 1061 1332 1199 1397; x_wconf 91' lang='lat' dir='ltr'>molitur</span> <span class='ocrx_word' id='word_1_47' title='bbox 1213 1332 1355 1412; x_wconf 83' lang='lat' dir='ltr'>auferre,</span> 
     </span>
     <span class='ocr_line' id='line_1_8' title="bbox 295 1437 1358 1527; baseline -0.004 -21"><span class='ocrx_word' id='word_1_48' title='bbox 295 1448 372 1527; x_wconf 92' lang='lat' dir='ltr'>post</span> <span class='ocrx_word' id='word_1_49' title='bbox 397 1441 522 1505; x_wconf 90' lang='lat' dir='ltr'>multos</span> <span class='ocrx_word' id='word_1_50' title='bbox 549 1446 681 1516; x_wconf 87' lang='lat' dir='ltr'>nostros</span> <span class='ocrx_word' id='word_1_51' title='bbox 708 1438 914 1503; x_wconf 89' lang='lat' dir='ltr'>ammonitus</span> <span class='ocrx_word' id='word_1_52' title='bbox 944 1437 1197 1503; x_wconf 86' lang='lat' dir='ltr'>irrevocabilem</span> <span class='ocrx_word' id='word_1_53' title='bbox 1226 1459 1358 1523; x_wconf 89' lang='lat' dir='ltr'>persen-</span> 
     </span>
     <span class='ocr_line' id='line_1_9' title="bbox 294 1540 1356 1628; baseline -0.005 -17"><span class='ocrx_word' id='word_1_54' title='bbox 294 1546 463 1622; x_wconf 88' lang='lat' dir='ltr'>sissemus,</span> <span class='ocrx_word' id='word_1_55' title='bbox 479 1544 646 1611; x_wconf 90' lang='lat' dir='ltr'>universis</span> <span class='ocrx_word' id='word_1_56' title='bbox 668 1543 775 1608; x_wconf 82' lang='lat' dir='ltr'>nostri</span> <span class='ocrx_word' id='word_1_57' title='bbox 798 1542 930 1628; x_wconf 90' lang='lat' dir='ltr'>imperii</span> <span class='ocrx_word' id='word_1_58' title='bbox 951 1540 1158 1627; x_wconf 89' lang='lat' dir='ltr'>principibus</span> <span class='ocrx_word' id='word_1_59' title='bbox 1180 1541 1217 1605; x_wconf 90' lang='lat' dir='ltr'>in</span> <span class='ocrx_word' id='word_1_60' title='bbox 1239 1549 1356 1608; x_wconf 89' lang='lat' dir='ltr'>sancto</span> 
     </span>
     <span class='ocr_line' id='line_1_10' title="bbox 294 1644 1290 1736; baseline -0.003 -23"><span class='ocrx_word' id='word_1_61' title='bbox 294 1656 490 1735; x_wconf 82' lang='lat' dir='ltr'>pentecoste</span> <span class='ocrx_word' id='word_1_62' title='bbox 506 1650 633 1714; x_wconf 86' lang='lat' dir='ltr'>curiam</span> <span class='ocrx_word' id='word_1_63' title='bbox 649 1647 841 1736; x_wconf 85' lang='lat' dir='ltr'>generalem</span> <span class='ocrx_word' id='word_1_64' title='bbox 859 1644 1080 1711; x_wconf 86' lang='lat' dir='ltr'>Wirzeburch</span> <span class='ocrx_word' id='word_1_65' title='bbox 1094 1644 1290 1711; x_wconf 87' lang='lat' dir='ltr'>indiximus.</span> 
     </span>
     <span class='ocr_line' id='line_1_11' title="bbox 340 1749 1356 1835; baseline -0.001 -18"><span class='ocrx_word' id='word_1_66' title='bbox 340 1751 495 1832; x_wconf 83' lang='lat' dir='ltr'>Quorum</span> <span class='ocrx_word' id='word_1_67' title='bbox 520 1760 620 1819; x_wconf 88' lang='lat' dir='ltr'>coetu</span> <span class='ocrx_word' id='word_1_68' title='bbox 646 1751 861 1818; x_wconf 87' lang='lat' dir='ltr'>celeberrimo</span> <span class='ocrx_word' id='word_1_69' title='bbox 885 1749 1010 1815; x_wconf 90' lang='lat' dir='ltr'>ibidem</span> <span class='ocrx_word' id='word_1_70' title='bbox 1032 1750 1250 1835; x_wconf 88' lang='lat' dir='ltr'>solempniter</span> <span class='ocrx_word' id='word_1_71' title='bbox 1272 1751 1356 1816; x_wconf 91' lang='lat' dir='ltr'>cele-</span> 
     </span>
     <span class='ocr_line' id='line_1_12' title="bbox 294 1853 1356 1940; baseline -0.002 -17"><span class='ocrx_word' id='word_1_72' title='bbox 294 1857 399 1936; x_wconf 90' lang='lat' dir='ltr'>brato,</span> <span class='ocrx_word' id='word_1_73' title='bbox 423 1858 583 1924; x_wconf 88' lang='lat' dir='ltr'>ecelesiae</span> <span class='ocrx_word' id='word_1_74' title='bbox 609 1857 676 1923; x_wconf 89' lang='lat' dir='ltr'>Dei</span> <span class='ocrx_word' id='word_1_75' title='bbox 703 1863 832 1922; x_wconf 88' lang='lat' dir='ltr'>statum</span> <span class='ocrx_word' id='word_1_76' title='bbox 856 1876 894 1921; x_wconf 92' lang='lat' dir='ltr'>ac</span> <span class='ocrx_word' id='word_1_77' title='bbox 923 1854 1051 1919; x_wconf 90' lang='lat' dir='ltr'>domini</span> <span class='ocrx_word' id='word_1_78' title='bbox 1076 1875 1181 1940; x_wconf 86' lang='lat' dir='ltr'>papae</span> <span class='ocrx_word' id='word_1_79' title='bbox 1207 1853 1356 1921; x_wconf 86' lang='lat' dir='ltr'>Pascalis</span> 
     </span>
     <span class='ocr_line' id='line_1_13' title="bbox 294 1957 1357 2049; baseline -0.001 -24"><span class='ocrx_word' id='word_1_80' title='bbox 294 1963 469 2049; x_wconf 85' lang='lat' dir='ltr'>negotium</span> <span class='ocrx_word' id='word_1_81' title='bbox 483 1963 569 2027; x_wconf 92' lang='lat' dir='ltr'>serio</span> <span class='ocrx_word' id='word_1_82' title='bbox 584 1983 623 2028; x_wconf 90' lang='lat' dir='ltr'>ac</span> <span class='ocrx_word' id='word_1_83' title='bbox 642 1961 818 2048; x_wconf 92' lang='lat' dir='ltr'>magnifice</span> <span class='ocrx_word' id='word_1_84' title='bbox 844 1959 1003 2025; x_wconf 86' lang='lat' dir='ltr'>duximus</span> <span class='ocrx_word' id='word_1_85' title='bbox 1026 1957 1259 2024; x_wconf 90' lang='lat' dir='ltr'>roborandum.</span> <span class='ocrx_word' id='word_1_86' title='bbox 1303 1960 1357 2024; x_wconf 90' lang='lat' dir='ltr'>In·</span> 
     </span>
     <span class='ocr_line' id='line_1_14' title="bbox 295 2047 1381 2153; baseline -0.005 -21"><span class='ocrx_word' id='word_1_87' title='bbox 295 2074 415 2132; x_wconf 88' lang='lat' dir='ltr'>vocata</span> <span class='ocrx_word' id='word_1_88' title='bbox 428 2067 535 2153; x_wconf 91' lang='lat' dir='ltr'>igitur</span> <span class='ocrx_word' id='word_1_89' title='bbox 554 2065 769 2132; x_wconf 89' lang='lat' dir='ltr'>devotissime</span> <span class='ocrx_word' id='word_1_90' title='bbox 795 2063 944 2150; x_wconf 88' lang='lat' dir='ltr'>Spiritus</span> <span class='ocrx_word' id='word_1_91' title='bbox 967 2064 1076 2129; x_wconf 89' lang='lat' dir='ltr'>sancti</span> <span class='ocrx_word' id='word_1_92' title='bbox 1098 2063 1206 2150; x_wconf 88' lang='lat' dir='ltr'>gratia</span> <span class='ocrx_word' id='word_1_93' title='bbox 1228 2069 1264 2134; x_wconf 87' lang='lat' dir='ltr'>et</span> <span class='ocrx_word' id='word_1_94' title='bbox 1285 2047 1358 2128; x_wconf 84' lang='lat' dir='ltr'>uni·</span> <span class='ocrx_word' id='word_1_95' title='bbox 1378 2100 1381 2106; x_wconf 91' lang='lat'>·</span> 
     </span>
     <span class='ocr_line' id='line_1_15' title="bbox 295 2167 1357 2256; baseline -0.003 -20"><span class='ocrx_word' id='word_1_96' title='bbox 295 2191 476 2248; x_wconf 87' lang='lat' dir='ltr'>versorum‚</span> <span class='ocrx_word' id='word_1_97' title='bbox 493 2171 553 2256; x_wconf 92' lang='lat' dir='ltr'>qui</span> <span class='ocrx_word' id='word_1_98' title='bbox 575 2169 726 2247; x_wconf 86' lang='lat' dir='ltr'>aderant,</span> <span class='ocrx_word' id='word_1_99' title='bbox 746 2170 887 2236; x_wconf 90' lang='lat' dir='ltr'>consilio</span> <span class='ocrx_word' id='word_1_100' title='bbox 912 2170 1014 2234; x_wconf 90' lang='lat' dir='ltr'>altius</span> <span class='ocrx_word' id='word_1_101' title='bbox 1038 2168 1294 2246; x_wconf 89' lang='lat' dir='ltr'>communicato,</span> <span class='ocrx_word' id='word_1_102' title='bbox 1313 2167 1357 2233; x_wconf 90' lang='lat' dir='ltr'>ad</span> 
     </span>
     <span class='ocr_line' id='line_1_16' title="bbox 295 2273 1357 2361; baseline -0.002 -23"><span class='ocrx_word' id='word_1_103' title='bbox 295 2274 532 2341; x_wconf 88' lang='lat' dir='ltr'>removendam</span> <span class='ocrx_word' id='word_1_104' title='bbox 541 2295 675 2339; x_wconf 91' lang='lat' dir='ltr'>omnem</span> <span class='ocrx_word' id='word_1_105' title='bbox 687 2295 822 2360; x_wconf 91' lang='lat' dir='ltr'>prorsus</span> <span class='ocrx_word' id='word_1_106' title='bbox 834 2273 1090 2361; x_wconf 85' lang='lat' dir='ltr'>ambiguitatem</span> <span class='ocrx_word' id='word_1_107' title='bbox 1102 2273 1166 2358; x_wconf 91' lang='lat' dir='ltr'>ipsi</span> <span class='ocrx_word' id='word_1_108' title='bbox 1181 2294 1242 2338; x_wconf 90' lang='lat' dir='ltr'>nos</span> <span class='ocrx_word' id='word_1_109' title='bbox 1254 2293 1357 2336; x_wconf 92' lang='lat' dir='ltr'>manu</span> 
     </span>
     <span class='ocr_line' id='line_1_17' title="bbox 294 2377 1356 2465; baseline -0.002 -21"><span class='ocrx_word' id='word_1_110' title='bbox 294 2380 428 2465; x_wconf 89' lang='lat' dir='ltr'>propria</span> <span class='ocrx_word' id='word_1_111' title='bbox 447 2400 549 2464; x_wconf 88' lang='lat' dir='ltr'>super</span> <span class='ocrx_word' id='word_1_112' title='bbox 571 2386 765 2445; x_wconf 91' lang='lat' dir='ltr'>sanctorum</span> <span class='ocrx_word' id='word_1_113' title='bbox 789 2378 949 2463; x_wconf 88' lang='lat' dir='ltr'>reliquias</span> <span class='ocrx_word' id='word_1_114' title='bbox 973 2379 1200 2464; x_wconf 87' lang='lat' dir='ltr'>juramentum</span> <span class='ocrx_word' id='word_1_115' title='bbox 1222 2377 1356 2463; x_wconf 89' lang='lat' dir='ltr'>publice</span> 
     </span>
     <span class='ocr_line' id='line_1_18' title="bbox 295 2482 1356 2569; baseline -0.002 -21"><span class='ocrx_word' id='word_1_116' title='bbox 295 2484 535 2568; x_wconf 87' lang='lat' dir='ltr'>praestitimus,</span> <span class='ocrx_word' id='word_1_117' title='bbox 565 2482 659 2569; x_wconf 93' lang='lat' dir='ltr'>quod</span> <span class='ocrx_word' id='word_1_118' title='bbox 698 2483 890 2548; x_wconf 89' lang='lat' dir='ltr'>Rolandum</span> <span class='ocrx_word' id='word_1_119' title='bbox 924 2484 1152 2549; x_wconf 86' lang='lat' dir='ltr'>scismaticum</span> <span class='ocrx_word' id='word_1_120' title='bbox 1182 2483 1238 2548; x_wconf 87' lang='lat' dir='ltr'>vel</span> <span class='ocrx_word' id='word_1_121' title='bbox 1268 2504 1356 2560; x_wconf 92' lang='lat' dir='ltr'>eum,</span> 
     </span>
     <span class='ocr_line' id='line_1_19' title="bbox 297 2588 1358 2675; baseline 0.001 -24"><span class='ocrx_word' id='word_1_122' title='bbox 297 2609 397 2672; x_wconf 91' lang='lat' dir='ltr'>quem</span> <span class='ocrx_word' id='word_1_123' title='bbox 418 2609 494 2672; x_wconf 90' lang='lat' dir='ltr'>pars</span> <span class='ocrx_word' id='word_1_124' title='bbox 517 2588 621 2673; x_wconf 92' lang='lat' dir='ltr'>ipsius</span> <span class='ocrx_word' id='word_1_125' title='bbox 645 2588 796 2675; x_wconf 87' lang='lat' dir='ltr'>elegerit,</span> <span class='ocrx_word' id='word_1_126' title='bbox 820 2588 858 2651; x_wconf 93' lang='lat' dir='ltr'>in</span> <span class='ocrx_word' id='word_1_127' title='bbox 880 2608 1003 2674; x_wconf 88' lang='lat' dir='ltr'>papam</span> <span class='ocrx_word' id='word_1_128' title='bbox 1025 2609 1202 2674; x_wconf 90' lang='lat' dir='ltr'>nunquam</span> <span class='ocrx_word' id='word_1_129' title='bbox 1222 2588 1358 2673; x_wconf 90' lang='lat' dir='ltr'>recipie·</span> 
     </span>
     <span class='ocr_line' id='line_1_20' title="bbox 295 2689 1357 2778; baseline 0.001 -23"><span class='ocrx_word' id='word_1_130' title='bbox 295 2713 370 2756; x_wconf 89' lang='lat' dir='ltr'>mus</span> <span class='ocrx_word' id='word_1_131' title='bbox 386 2712 447 2757; x_wconf 90' lang='lat' dir='ltr'>nec</span> <span class='ocrx_word' id='word_1_132' title='bbox 463 2689 507 2757; x_wconf 87' lang='lat' dir='ltr'>ad</span> <span class='ocrx_word' id='word_1_133' title='bbox 529 2714 606 2757; x_wconf 92' lang='lat' dir='ltr'>eum</span> <span class='ocrx_word' id='word_1_134' title='bbox 629 2691 860 2778; x_wconf 88' lang='lat' dir='ltr'>recipiendum</span> <span class='ocrx_word' id='word_1_135' title='bbox 885 2693 987 2758; x_wconf 91' lang='lat' dir='ltr'>alicui</span> <span class='ocrx_word' id='word_1_136' title='bbox 1010 2714 1161 2777; x_wconf 90' lang='lat' dir='ltr'>unquam</span> <span class='ocrx_word' id='word_1_137' title='bbox 1183 2713 1357 2757; x_wconf 90' lang='lat' dir='ltr'>assensum</span> 
     </span>
     <span class='ocr_line' id='line_1_21' title="bbox 295 2795 1357 2885; baseline 0.003 -26"><span class='ocrx_word' id='word_1_138' title='bbox 295 2795 524 2881; x_wconf 89' lang='lat' dir='ltr'>praebebimus</span> <span class='ocrx_word' id='word_1_139' title='bbox 535 2820 543 2873; x_wconf 87' lang='lat'>3</span> <span class='ocrx_word' id='word_1_140' title='bbox 567 2797 655 2861; x_wconf 92' lang='lat' dir='ltr'>nulli</span> <span class='ocrx_word' id='word_1_141' title='bbox 668 2797 771 2862; x_wconf 86' lang='lat' dir='ltr'>etiam</span> <span class='ocrx_word' id='word_1_142' title='bbox 784 2797 957 2863; x_wconf 83' lang='lat' dir='ltr'>fautorum</span> <span class='ocrx_word' id='word_1_143' title='bbox 969 2799 1041 2884; x_wconf 87' lang='lat' dir='ltr'>ejus</span> <span class='ocrx_word' id='word_1_144' title='bbox 1054 2800 1197 2885; x_wconf 86' lang='lat' dir='ltr'>gratiam</span> <span class='ocrx_word' id='word_1_145' title='bbox 1208 2806 1357 2864; x_wconf 88' lang='lat' dir='ltr'>nostram</span> 
     </span>
    </p>
   </div>
   <div class='ocr_carea' id='block_1_3' title="bbox 295 2900 1475 2986">
    <p class='ocr_par' dir='ltr' id='par_1_3' title="bbox 295 2900 1475 2986">
     <span class='ocr_line' id='line_1_22' title="bbox 295 2900 1475 2986; baseline 0.002 -21"><span class='ocrx_word' id='word_1_146' title='bbox 295 2922 447 2986; x_wconf 89' lang='lat' dir='ltr'>unquam</span> <span class='ocrx_word' id='word_1_147' title='bbox 461 2900 650 2979; x_wconf 91' lang='lat' dir='ltr'>reddemus,</span> <span class='ocrx_word' id='word_1_148' title='bbox 666 2902 733 2966; x_wconf 90' lang='lat' dir='ltr'>nisi</span> <span class='ocrx_word' id='word_1_149' title='bbox 749 2902 792 2967; x_wconf 89' lang='lat' dir='ltr'>ab</span> <span class='ocrx_word' id='word_1_150' title='bbox 808 2924 919 2968; x_wconf 89' lang='lat' dir='ltr'>errore</span> <span class='ocrx_word' id='word_1_151' title='bbox 937 2904 1011 2968; x_wconf 90' lang='lat' dir='ltr'>viae</span> <span class='ocrx_word' id='word_1_152' title='bbox 1028 2925 1108 2969; x_wconf 88' lang='lat' dir='ltr'>suae</span> <span class='ocrx_word' id='word_1_153' title='bbox 1125 2904 1168 2968; x_wconf 89' lang='lat' dir='ltr'>ad</span> <span class='ocrx_word' id='word_1_154' title='bbox 1189 2905 1357 2969; x_wconf 88' lang='lat' dir='ltr'>unitatem</span> <span class='ocrx_word' id='word_1_155' title='bbox 1472 2907 1475 2915; x_wconf 87' lang='lat'>&#39;</span> 
     </span>
    </p>
   </div>
   <div class='ocr_carea' id='block_1_4' title="bbox 295 3004 1358 4033">
    <p class='ocr_par' dir='ltr' id='par_1_4' title="bbox 295 3004 1358 4033">
     <span class='ocr_line' id='line_1_23' title="bbox 295 3004 1356 3093; baseline 0.002 -23"><span class='ocrx_word' id='word_1_156' title='bbox 295 3005 455 3070; x_wconf 89' lang='lat' dir='ltr'>ecclesiae</span> <span class='ocrx_word' id='word_1_157' title='bbox 478 3004 583 3070; x_wconf 82' lang='lat' dir='ltr'>inerit</span> <span class='ocrx_word' id='word_1_158' title='bbox 608 3027 810 3083; x_wconf 83' lang='lat' dir='ltr'>conversus3</span> <span class='ocrx_word' id='word_1_159' title='bbox 840 3006 1014 3072; x_wconf 92' lang='lat' dir='ltr'>dominum</span> <span class='ocrx_word' id='word_1_160' title='bbox 1040 3007 1213 3074; x_wconf 85' lang='lat' dir='ltr'>Pascalem</span> <span class='ocrx_word' id='word_1_161' title='bbox 1236 3030 1356 3093; x_wconf 90' lang='lat' dir='ltr'>papam</span> 
     </span>
     <span class='ocr_line' id='line_1_24' title="bbox 295 3108 1357 3199; baseline 0.004 -28"><span class='ocrx_word' id='word_1_162' title='bbox 295 3108 587 3174; x_wconf 89' lang='lat' dir='ltr'>manutenebimus</span> <span class='ocrx_word' id='word_1_163' title='bbox 609 3131 740 3197; x_wconf 89' lang='lat' dir='ltr'>semper</span> <span class='ocrx_word' id='word_1_164' title='bbox 763 3119 866 3197; x_wconf 91' lang='lat' dir='ltr'>atque</span> <span class='ocrx_word' id='word_1_165' title='bbox 891 3113 1160 3197; x_wconf 90' lang='lat' dir='ltr'>promovebimus</span> <span class='ocrx_word' id='word_1_166' title='bbox 1176 3114 1357 3199; x_wconf 88' lang='lat' dir='ltr'>eiquetan-</span> 
     </span>
     <span class='ocr_line' id='line_1_25' title="bbox 296 3214 1355 3304; baseline 0.004 -28"><span class='ocrx_word' id='word_1_167' title='bbox 296 3234 398 3298; x_wconf 86' lang='lat' dir='ltr'>quam</span> <span class='ocrx_word' id='word_1_168' title='bbox 414 3214 501 3298; x_wconf 90' lang='lat' dir='ltr'>patri</span> <span class='ocrx_word' id='word_1_169' title='bbox 518 3214 682 3280; x_wconf 90' lang='lat' dir='ltr'>catholico</span> <span class='ocrx_word' id='word_1_170' title='bbox 706 3223 743 3281; x_wconf 92' lang='lat' dir='ltr'>et</span> <span class='ocrx_word' id='word_1_171' title='bbox 765 3218 949 3284; x_wconf 89' lang='lat' dir='ltr'>universali</span> <span class='ocrx_word' id='word_1_172' title='bbox 972 3219 1098 3304; x_wconf 86' lang='lat' dir='ltr'>pastori</span> <span class='ocrx_word' id='word_1_173' title='bbox 1122 3217 1355 3295; x_wconf 84' lang='lat' dir='ltr'>obedientiam,</span> 
     </span>
     <span class='ocr_line' id='line_1_26' title="bbox 295 3316 1358 3408; baseline 0.006 -28"><span class='ocrx_word' id='word_1_174' title='bbox 295 3316 457 3382; x_wconf 90' lang='lat' dir='ltr'>honorem</span> <span class='ocrx_word' id='word_1_175' title='bbox 471 3317 574 3403; x_wconf 88' lang='lat' dir='ltr'>atque</span> <span class='ocrx_word' id='word_1_176' title='bbox 591 3322 814 3386; x_wconf 89' lang='lat' dir='ltr'>reverentiam</span> <span class='ocrx_word' id='word_1_177' title='bbox 832 3322 1063 3388; x_wconf 84' lang='lat' dir='ltr'>exhibebimus</span> <span class='ocrx_word' id='word_1_178' title='bbox 1077 3330 1112 3388; x_wconf 90' lang='lat' dir='ltr'>et</span> <span class='ocrx_word' id='word_1_179' title='bbox 1127 3322 1257 3408; x_wconf 89' lang='lat' dir='ltr'>abipso</span> <span class='ocrx_word' id='word_1_180' title='bbox 1272 3322 1358 3407; x_wconf 90' lang='lat' dir='ltr'>ejus·</span> 
     </span>
     <span class='ocr_line' id='line_1_27' title="bbox 295 3424 1356 3512; baseline 0.005 -26"><span class='ocrx_word' id='word_1_181' title='bbox 295 3443 362 3506; x_wconf 93' lang='lat' dir='ltr'>que</span> <span class='ocrx_word' id='word_1_182' title='bbox 377 3429 484 3506; x_wconf 88' lang='lat' dir='ltr'>parte,</span> <span class='ocrx_word' id='word_1_183' title='bbox 507 3424 578 3489; x_wconf 89' lang='lat' dir='ltr'>vita</span> <span class='ocrx_word' id='word_1_184' title='bbox 602 3427 736 3504; x_wconf 89' lang='lat' dir='ltr'>comite,</span> <span class='ocrx_word' id='word_1_185' title='bbox 761 3448 947 3512; x_wconf 91' lang='lat' dir='ltr'>numquam</span> <span class='ocrx_word' id='word_1_186' title='bbox 970 3426 1175 3492; x_wconf 89' lang='lat' dir='ltr'>recedemus.</span> <span class='ocrx_word' id='word_1_187' title='bbox 1221 3426 1356 3492; x_wconf 82' lang='lat' dir='ltr'>Electus</span> 
     </span>
     <span class='ocr_line' id='line_1_28' title="bbox 296 3528 1357 3617; baseline 0.005 -27"><span class='ocrx_word' id='word_1_188' title='bbox 296 3547 442 3612; x_wconf 90' lang='lat' dir='ltr'>quoque,</span> <span class='ocrx_word' id='word_1_189' title='bbox 459 3528 519 3613; x_wconf 91' lang='lat' dir='ltr'>qui</span> <span class='ocrx_word' id='word_1_190' title='bbox 534 3528 598 3593; x_wconf 91' lang='lat' dir='ltr'>sub</span> <span class='ocrx_word' id='word_1_191' title='bbox 613 3551 654 3596; x_wconf 95' lang='lat' dir='ltr'>eo</span> <span class='ocrx_word' id='word_1_192' title='bbox 669 3539 730 3596; x_wconf 90' lang='lat' dir='ltr'>aut</span> <span class='ocrx_word' id='word_1_193' title='bbox 745 3531 816 3616; x_wconf 84' lang='lat' dir='ltr'>ejus</span> <span class='ocrx_word' id='word_1_194' title='bbox 834 3552 1035 3609; x_wconf 90' lang='lat' dir='ltr'>successore,</span> <span class='ocrx_word' id='word_1_195' title='bbox 1049 3554 1150 3617; x_wconf 91' lang='lat' dir='ltr'>quem</span> <span class='ocrx_word' id='word_1_196' title='bbox 1165 3552 1240 3616; x_wconf 90' lang='lat' dir='ltr'>pars</span> <span class='ocrx_word' id='word_1_197' title='bbox 1252 3530 1357 3615; x_wconf 89' lang='lat' dir='ltr'>ipsius</span> 
     </span>
     <span class='ocr_line' id='line_1_29' title="bbox 296 3631 1355 3720; baseline 0 -24"><span class='ocrx_word' id='word_1_198' title='bbox 296 3631 446 3717; x_wconf 89' lang='lat' dir='ltr'>elegerit,</span> <span class='ocrx_word' id='word_1_199' title='bbox 460 3634 745 3701; x_wconf 88' lang='lat' dir='ltr'>consecrationem</span> <span class='ocrx_word' id='word_1_200' title='bbox 757 3642 955 3720; x_wconf 89' lang='lat' dir='ltr'>receperunt</span> <span class='ocrx_word' id='word_1_201' title='bbox 967 3636 1022 3701; x_wconf 87' lang='lat' dir='ltr'>vel</span> <span class='ocrx_word' id='word_1_202' title='bbox 1034 3635 1145 3700; x_wconf 88' lang='lat' dir='ltr'>adhuc</span> <span class='ocrx_word' id='word_1_203' title='bbox 1157 3635 1355 3720; x_wconf 90' lang='lat' dir='ltr'>receperint,</span> 
     </span>
     <span class='ocr_line' id='line_1_30' title="bbox 296 3734 1357 3825; baseline 0.002 -26"><span class='ocrx_word' id='word_1_204' title='bbox 296 3734 421 3802; x_wconf 91' lang='lat' dir='ltr'>honore</span> <span class='ocrx_word' id='word_1_205' title='bbox 439 3744 500 3802; x_wconf 92' lang='lat' dir='ltr'>aut</span> <span class='ocrx_word' id='word_1_206' title='bbox 516 3737 690 3804; x_wconf 90' lang='lat' dir='ltr'>ordinibus</span> <span class='ocrx_word' id='word_1_207' title='bbox 705 3740 775 3804; x_wconf 91' lang='lat' dir='ltr'>suis</span> <span class='ocrx_word' id='word_1_208' title='bbox 792 3761 852 3825; x_wconf 93' lang='lat' dir='ltr'>pro</span> <span class='ocrx_word' id='word_1_209' title='bbox 875 3741 948 3825; x_wconf 84' lang='lat' dir='ltr'>ejus</span> <span class='ocrx_word' id='word_1_210' title='bbox 971 3739 1161 3805; x_wconf 89' lang='lat' dir='ltr'>obedientia</span> <span class='ocrx_word' id='word_1_211' title='bbox 1182 3759 1357 3823; x_wconf 90' lang='lat' dir='ltr'>nunqnam</span> 
     </span>
     <span class='ocr_line' id='line_1_31' title="bbox 296 3841 1358 3929; baseline 0.003 -26"><span class='ocrx_word' id='word_1_212' title='bbox 296 3841 423 3923; x_wconf 92' lang='lat' dir='ltr'>privari</span> <span class='ocrx_word' id='word_1_213' title='bbox 462 3843 706 3927; x_wconf 88' lang='lat' dir='ltr'>permittemus.</span> <span class='ocrx_word' id='word_1_214' title='bbox 756 3843 803 3908; x_wconf 89' lang='lat' dir='ltr'>Et</span> <span class='ocrx_word' id='word_1_215' title='bbox 839 3843 940 3929; x_wconf 86' lang='lat' dir='ltr'>hujus</span> <span class='ocrx_word' id='word_1_216' title='bbox 974 3843 1219 3909; x_wconf 89' lang='lat' dir='ltr'>absolutionem</span> <span class='ocrx_word' id='word_1_217' title='bbox 1253 3863 1358 3906; x_wconf 89' lang='lat' dir='ltr'>sacra·</span> 
     </span>
     <span class='ocr_line' id='line_1_32' title="bbox 298 3946 1357 4033; baseline 0.003 -26"><span class='ocrx_word' id='word_1_218' title='bbox 298 3946 405 4010; x_wconf 91' lang='lat' dir='ltr'>menti</span> <span class='ocrx_word' id='word_1_219' title='bbox 436 3967 612 4032; x_wconf 90' lang='lat' dir='ltr'>nunquam</span> <span class='ocrx_word' id='word_1_220' title='bbox 641 3948 850 4033; x_wconf 89' lang='lat' dir='ltr'>requiremus</span> <span class='ocrx_word' id='word_1_221' title='bbox 880 3968 942 4013; x_wconf 88' lang='lat' dir='ltr'>nec</span> <span class='ocrx_word' id='word_1_222' title='bbox 970 3947 1117 4013; x_wconf 91' lang='lat' dir='ltr'>oblatam</span> <span class='ocrx_word' id='word_1_223' title='bbox 1145 3946 1357 4032; x_wconf 83' lang='lat' dir='ltr'>recipiemus.</span> 
     </span>
    </p>
   </div>
   <div class='ocr_carea' id='block_1_5' title="bbox 300 4047 1358 4138">
    <p class='ocr_par' dir='ltr' id='par_1_5' title="bbox 300 4047 1358 4138">
     <span class='ocr_line' id='line_1_33' title="bbox 300 4047 1358 4138; baseline 0.002 -25"><span class='ocrx_word' id='word_1_224' title='bbox 300 4047 480 4117; x_wconf 87' lang='lat' dir='ltr'>Praeterea</span> <span class='ocrx_word' id='word_1_225' title='bbox 498 4052 605 4120; x_wconf 85' lang='lat' dir='ltr'>nostri</span> <span class='ocrx_word' id='word_1_226' title='bbox 627 4051 759 4138; x_wconf 92' lang='lat' dir='ltr'>imperii</span> <span class='ocrx_word' id='word_1_227' title='bbox 781 4072 962 4129; x_wconf 91' lang='lat' dir='ltr'>successor,</span> <span class='ocrx_word' id='word_1_228' title='bbox 978 4072 1081 4137; x_wconf 88' lang='lat' dir='ltr'>quem</span> <span class='ocrx_word' id='word_1_229' title='bbox 1098 4050 1265 4137; x_wconf 85' lang='lat' dir='ltr'>principes</span> <span class='ocrx_word' id='word_1_230' title='bbox 1284 4049 1358 4115; x_wconf 91' lang='lat' dir='ltr'>uni·</span> 
     </span>
    </p>
   </div>
   <div class='ocr_carea' id='block_1_6' title="bbox 0 0 1650 4809">
    <p class='ocr_par' dir='ltr' id='par_1_6' title="bbox 0 0 1650 4809">
     <span class='ocr_line' id='line_1_34' title="bbox 0 0 1650 4809; baseline 0 0"><span class='ocrx_word' id='word_1_231' title='bbox 0 0 1650 4809; x_wconf 95' lang='lat' dir='ltr'> </span> 
     </span>
    </p>
   </div>
  </div>
 </body>
</html>
