3292 4809
536 635 613 692 11111
634 633 939 694 11611111611111111
960 633 1106 694 rusios.
1287 614 1351 692 121

295 813 500 899 multiplices
516 833 703 900 pauperum
717 812 933 899 popularium
956 820 992 877 et
1013 811 1176 877 nobilium
1197 811 1353 897 patrimo

295 918 343 981 nii
369 917 519 983 Ecclesia
542 917 762 982 clamantium
788 923 907 982 contra
932 916 1053 1003 ipsum,
1081 937 1165 1001 quas
1191 916 1227 979 in
1254 936 1351 980 611166

295 1020 434 1085 Domini
449 1019 595 1085 Sabaoth
607 1020 774 1086 credimus
789 1021 964 1097 introisse3
984 1027 1019 1085 et
1031 1020 1185 1104 quamvis
1201 1020 1352 1083 Romana

295 1124 446 1190 Ecclesia
461 1123 574 1190 doleat
589 1124 697 1189 filium
712 1131 808 1189 tanta
823 1113 1005 1189 educatum
1020 1123 1198 1211 diligentia
1213 1130 1249 1188 et
1263 1144 1353 1210 mag-

294 1228 466 1294 nificentia
489 1229 649 1306 exaltum,
666 1250 757 1294 nune
780 1229 829 1294 sic
851 1228 966 1294 viliter
988 1228 1060 1293 sine
1083 1236 1188 1293 marte
1211 1227 1351 1304 victum,

294 1332 419 1417 absque
450 1332 547 1397 hoste
574 1339 789 1417 prostratum,
813 1333 850 1396 in
880 1339 974 1398 tante
998 1330 1205 1397 confusionis
1235 1352 1353 1417 oppro

294 1435 405 1501 brium
434 1443 504 1501 tam
534 1437 754 1524 ignominiose
786 1434 966 1523 dejectum,
996 1458 1066 1501 non
1096 1438 1209 1501 minus
1245 1437 1352 1524 gemit

295 1541 533 1606 exterminium
555 1541 723 1605 exercitus
750 1540 926 1606 christiani
953 1541 1013 1625 qui
1039 1561 1109 1605 non
1139 1540 1352 1605 inimicorum

294 1644 416 1730 gladiis
431 1644 488 1710 vel
503 1644 629 1709 virtute
646 1644 781 1722 defecit,
796 1644 858 1710 sed
876 1645 1067 1710 calamitate
1085 1651 1157 1709 tam
1171 1643 1352 1709 miserabili
1473 1666 1478 1677 ·

295 1756 347 1814 661
361 1755 588 1834 consumptus.
637 1747 754 1814 Gemit
769 1750 872 1814 etiam
888 1748 982 1833 quod
999 1770 1076 1834 pars
1098 1747 1232 1813 residua
1253 1747 1354 1812 bella·

295 1859 408 1917 torum
423 1853 577 1938 exposita
592 1853 691 1918 maris
706 1853 867 1938 periculis
883 1860 918 1918 et
932 1851 1093 1918 fluctibus
1113 1858 1352 1937 tempestatum

296 1955 421 2041 absque
437 1956 533 2034 duce,
550 1964 745 2042 preceptore
761 1957 816 2022 vel
838 1957 991 2043 principe
1014 1955 1152 2021 ducitur
1170 1977 1238 2041 quo
1262 1956 1354 2043 igno

295 2068 357 2135 rat,
369 2060 540 2125 modicum
555 2059 733 2146 profutura
748 2068 837 2126 terre
852 2067 969 2126 sancte
980 2059 1205 2135 utilitatibus3
1229 2059 1353 2145 quibus

297 2163 409 2231 debite
425 2164 662 2230 consolationis
684 2165 846 2230 solatium
861 2172 897 2230 et
911 2172 1098 2250 opportune
1121 2163 1353 2229 subventionis

297 2268 473 2346 auxilium,
497 2268 759 2353 impedientibus
785 2269 854 2354 jam
875 2270 975 2334 maris
999 2268 1174 2334 frementis
1197 2268 1353 2355 procellis

297 2371 524 2457 temporisque
540 2373 708 2459 angustia,
724 2373 822 2458 juxta
837 2381 957 2439 votum
972 2394 1042 2437 non
1059 2394 1237 2457 possumus
1259 2372 1355 2436 mini-

297 2483 413 2542 strare.
468 2474 608 2564 Plangit
634 2477 772 2563 insuper
798 2476 970 2542 excidium
996 2485 1083 2542 terre
1109 2483 1224 2541 sancte
1251 2497 1354 2561 quam

298 2601 388 2646 nunc
413 2580 496 2667 eripi
520 2578 563 2645 de
588 2602 797 2668 paganorum
819 2580 973 2647 manibus
1003 2580 1227 2666 sperabamus,
1253 2602 1353 2665 quam

299 2684 389 2762 olim,
418 2691 460 2749 ut
490 2685 660 2762 asseritur,
691 2692 923 2771 recuperasset
951 2686 1121 2751 exercitus
1151 2684 1355 2750 christianus

298 2809 359 2872 per
387 2788 618 2854 concambium
648 2788 815 2866 Damiate‚
846 2789 912 2853 nisi
949 2789 981 2854 ei
1016 2789 1121 2854 semel
1158 2796 1194 2853 et
1230 2789 1355 2853 iterum

298 2892 526 2977 imperialibus
556 2891 678 2957 fuisset
706 2893 829 2957 litteris
863 2892 1094 2957 interdictum.
1154 2891 1224 2972 Qui
1253 2893 1356 2957 etiam

299 3016 367 3059 non
388 2995 510 3061 fuisset
529 2996 708 3061 conclusus
730 2997 767 3060 in
790 2996 944 3061 manibus
967 3017 1175 3083 paganorum
1197 2996 1227 3060 si
1248 2996 1356 3083 galea-

298 3121 375 3163 rum
406 3100 616 3184 imperatoris
643 3099 833 3165 subsidium
858 3107 941 3164 tunc
968 3100 1097 3177 fuisset,
1124 3106 1166 3164 ut
1191 3121 1234 3165 ex
1259 3106 1355 3184 parte

299 3224 360 3269 sua
388 3203 589 3289 promissum
619 3204 780 3269 extiterat
809 3211 846 3268 et
873 3203 946 3267 fieri
975 3204 1097 3288 potuit,
1119 3202 1354 3279 subsecutum3

299 3328 362 3372 nec
381 3307 538 3372 Damiata
560 3306 693 3392 perdita
716 3328 793 3393 que,
809 3314 850 3372 ut
872 3308 1041 3385 asseritur,
1057 3328 1118 3372 suo
1133 3306 1259 3372 tradita
1273 3328 1357 3370 nun·

300 3412 348 3477 tio
363 3418 398 3476 et
412 3412 535 3497 aquilis
550 3411 778 3497 imperialibus
793 3412 965 3498 insignita,
978 3411 1094 3477 eadem
1107 3410 1161 3476 die
1173 3410 1356 3477 crudeliter

300 3516 468 3601 expoliata
489 3522 524 3581 et
546 3538 606 3601 per
619 3536 698 3581 suos
717 3515 860 3593 deserta,
877 3516 991 3581 viliter
1006 3522 1041 3579 et
1056 3516 1279 3599 ignominiose
1294 3535 1355 3599 per

299 3620 389 3705 ipsos
404 3618 472 3685 fuit
486 3619 678 3685 infidelibus
694 3620 862 3685 restituta.
909 3620 1068 3685 Recurrit
1082 3620 1184 3684 etiam
1207 3617 1250 3682 ad
1271 3617 1356 3689 redi-

300 3725 379 3790 viva
393 3724 534 3809 suspira,
550 3731 586 3790 et
601 3723 813 3788 amissionem
829 3724 1048 3810 prescriptam
1069 3723 1220 3788 recolens
1243 3722 1357 3786 Dami-

301 3834 365 3904 ate,
388 3834 442 3892 tot
466 3827 620 3892 laborum
642 3828 826 3914 angustias,
850 3835 903 3893 161
926 3849 1147 3912 expensarum
1170 3825 1355 3911 dispendia,

301 3937 354 3995 tot
376 3938 499 3996 mortes
522 3931 684 4009 fidelium,
699 3939 753 3997 tot
771 3953 932 3997 excursus
954 3939 1143 4016 temporum
1167 3952 1234 4015 que
1256 3930 1358 3994 inuti·

301 4034 381 4100 liter
406 4033 613 4101 effluxerunt
637 4034 783 4101 subortis
809 4035 966 4121 lacrymis
992 4033 1115 4100 deflere
1142 4056 1211 4099 non
1237 4040 1355 4111 cessat,
