3292 4809
329 595 394 661 160
734 612 979 665 srrnnnrx-r.

271 811 275 821 -
328 778 359 833 in
379 779 443 834 aliis
461 778 653 846 comitatibus,
672 777 798 849 exceptis
817 778 895 845 locis,
914 794 987 850 quae
1007 776 1209 849 Pergameuses
1229 777 1316 835 modo
1335 796 1389 851 per

328 882 477 920 commune
488 868 588 920 tenent
599 866 675 920 inter
688 865 802 920 Aduam
814 869 844 920 et
856 865 973 932 Ollium,
982 869 1012 920 et
1023 869 1142 937 excepto
1154 866 1283 921 Romano
1296 867 1388 923 veteri
1410 920 1413 925 ,

328 959 358 1007 st
370 952 501 1019 liariano,
513 956 543 1007 et
554 969 626 1017 eam,
640 969 726 1023 quam
738 952 824 1007 modo
841 956 982 1018 exercent,
995 952 1083 1007 libere
1100 956 1130 1007 et
1147 953 1241 1023 quiete
1259 952 1388 1009 babeant

328 1045 358 1095 et
369 1039 531 1111 possideant
543 1040 604 1094 sine
616 1039 841 1094 contradictione
852 1044 950 1094 nostra
961 1044 991 1094 et
1002 1056 1194 1095 successorum
1205 1045 1386 1096 nostrorum:

328 1127 414 1183 salvis
431 1126 521 1199 pactis
538 1131 568 1181 et
585 1126 661 1182 datis
678 1131 708 1181 et
725 1126 953 1182 concessionibus
970 1127 1001 1180 in
1019 1144 1071 1183 suo
1087 1127 1188 1183 robore
1205 1127 1386 1195 durantibus,

327 1232 400 1285 quae
420 1231 470 1286 per
490 1230 639 1269 commune
659 1214 887 1269 Mediolanenses
908 1214 1038 1269 iecerunt
1056 1214 1222 1270 civitatibus
1244 1214 1386 1286 Pergami,

328 1300 477 1368 Neratiae,
490 1302 590 1369 Laudi,
603 1319 655 1356 nec
667 1306 781 1374 propter
792 1300 867 1357 hanc
878 1300 1087 1357 concessionem
1099 1301 1253 1356 laedendis.

363 1390 406 1445 2⁷.
431 1389 490 1443 Nec
502 1390 593 1443 ullum
610 1389 817 1461 praejudicium
835 1390 887 1444 fiat
903 1388 962 1461 juri
979 1394 1030 1444 aut
1046 1387 1245 1445 consuetudini
1262 1388 1386 1459 alicujus

327 1476 452 1531 civitatis
464 1476 615 1542 societatis,
627 1494 679 1531 nec
692 1476 808 1547 aliquod
825 1477 872 1548 jus
884 1476 1047 1547 adquiratur
1064 1476 1095 1530 in
1113 1476 1317 1532 detrimentum
1335 1476 1387 1530 ali-

327 1565 409 1636 cujus
420 1563 545 1619 civitatis
556 1563 700 1619 societatis
711 1568 826 1635 propter
837 1564 1030 1619 concessiones
1040 1564 1207 1635 praedictas.

362 1652 406 1705 28.
430 1649 518 1706 Pacta
529 1650 604 1706 inter
612 1650 741 1707 civitatee
750 1650 896 1722 quondam
904 1651 983 1706 iacta
991 1650 1177 1707 nihilomiuus
1187 1650 1273 1705 firma
1279 1654 1308 1705 et
1320 1654 1386 1705 rata

326 1740 519 1810 permaneant.
1285 1771 1289 1780 ·

362 1827 407 1881 29.
433 1826 494 1881 Nec
506 1824 614 1897 aliquid
626 1825 804 1898 intelligatur
816 1826 988 1897 acquisitum
999 1824 1261 1881 Mediolanensibus
1272 1824 1303 1879 in
1312 1823 1386 1895 epis·

327 1917 430 1984 copatu
442 1913 585 1969 Laudsnsi
596 1917 711 1985 propter
722 1913 881 1985 praedictas
892 1913 1093 1980 concessiones,
1105 1914 1184 1968 salvo
1199 1914 1262 1985 jure
1274 1911 1385 1967 Medio-

327 2000 491 2055 lanensibus
502 2018 593 2072 aquae
605 1999 731 2065 Lambri,
745 2000 769 2055 si
782 2000 860 2072 quod
871 1999 986 2067 babent,
998 2004 1028 2055 et
1040 2000 1071 2054 in
1082 2000 1211 2072 pedagio.

362 2090 407 2143 30.
433 2088 539 2143 Omnes
551 2087 588 2142 de
598 2088 742 2155 societate,
754 2087 805 2158 qui
817 2087 985 2143 fidelitatem
997 2087 1081 2142 nobis
1091 2086 1238 2159 jurabunt,
1250 2086 1282 2141 iu
1293 2103 1385 2141 sacra-

327 2180 424 2231 mento
441 2175 589 2231 fidelitatis
604 2176 746 2247 adjicient,
762 2175 839 2245 quod
856 2175 1044 2246 possessiones
1061 2179 1091 2230 et
1108 2176 1181 2246 jura,
1196 2191 1269 2245 qnae
1283 2190 1336 2228 nes
1350 2173 1384 2228 in

327 2262 502 2318 Lombsrdia
511 2262 649 2318 habemus
660 2267 690 2317 st
701 2262 878 2333 possidemus
889 2267 971 2317 extra
986 2263 1159 2328 societatem,
1171 2260 1312 2334 juvabunt
1329 2278 1383 2331 nos

327 2349 403 2405 bona
414 2349 471 2404 ilde
482 2355 674 2415 manutenere,
688 2349 713 2405 si
731 2367 802 2422 opus
819 2349 909 2404 inerit
926 2353 956 2404 et
973 2367 1039 2424 cum
1051 2366 1137 2421 super
1147 2347 1200 2404 hoc
1212 2365 1262 2420 per
1273 2364 1325 2403 nos
1337 2347 1383 2402 vel

208 2510 211 2516 .
327 2455 378 2510 per
394 2441 503 2492 certum
520 2437 654 2492 nuntium
672 2442 801 2492 nostrum
818 2436 949 2507 requisiti
965 2437 1082 2504 inerint,
1098 2440 1135 2503 st,
1154 2436 1179 2491 si
1196 2434 1383 2501 amiserimus,

327 2541 507 2595 recuperare:
531 2524 574 2579 ita
594 2524 733 2590 videlicet,
755 2524 832 2595 qnod
852 2524 991 2579 finitimae
1012 2524 1142 2578 civitates
1162 2522 1303 2578 obnoxiae
1323 2522 1384 2577 sint
1414 2597 1416 2601 Ι

328 2612 523 2684 principaliter
534 2612 571 2667 ad
583 2612 637 2666 hoc
648 2610 812 2666 iaciendum
822 2616 860 2678 et,
870 2611 896 2666 si
907 2629 978 2683 opus
989 2611 1086 2679 inerit,
1098 2611 1170 2666 eliae
1182 2604 1333 2665 teneantur
1346 2609 1384 2663 ad

328 2704 489 2770 competens
501 2698 642 2754 auxilinm
653 2699 864 2769 praestandum.

364 2786 407 2840 31.
432 2785 570 2841 Civitates
587 2786 623 2840 de
641 2785 782 2852 societate,
794 2802 867 2856 quae
885 2789 953 2841 sunt
966 2789 1049 2841 extra
1066 2784 1275 2852 lombardiam,
1287 2784 1319 2839 in
1330 2800 1384 2839 suo

328 2872 452 2928 confinio
464 2872 595 2927 similiter
607 2876 757 2927 teneantur
772 2871 873 2928 iacere.

365 2961 409 3015 32.
436 2960 466 3015 Si
478 2977 535 3031 qua
545 2978 612 3015 vero
624 2960 772 3015 civitatum
784 2977 827 3027 ea,
839 2976 912 3031 quae
923 2960 954 3016 in
967 2960 1153 3015 conventione
1164 2959 1243 3031 pacis
1254 2976 1291 3013 ex
1302 2963 1384 3031 parte

329 3053 427 3103 nostra
444 3052 553 3103 statuta
569 3050 646 3111 sunt,
659 3064 718 3102 non
730 3046 931 3111 observaverit,
944 3053 1052 3102 ceterae
1069 3047 1198 3102 civitates
1216 3063 1279 3100 eam
1297 3046 1334 3100 ad
1352 3046 1384 3100 id

326 3131 537 3187 observandum
548 3131 625 3188 bona
636 3131 692 3186 ilde
704 3132 883 3203 compellent,
895 3150 965 3204 paee
976 3132 1164 3188 nibilominus
1176 3132 1207 3186 in
1219 3148 1272 3186 suo
1283 3130 1385 3187 robore
1502 3133 1505 3142 '

327 3224 523 3291 permanente.

362 3306 405 3360 33.
429 3305 523 3361 Nobis
546 3305 721 3362 intrantibus
745 3306 776 3360 iu
797 3305 1002 3362 Lomberdiam
1024 3305 1141 3361 iodrum
1164 3307 1332 3360 consuetum
1353 3309 1385 3359 et

327 3388 431 3460 regale,
445 3388 495 3460 qui
513 3388 618 3443 debent
633 3391 662 3442 et
677 3388 768 3442 solent
780 3392 809 3441 et
821 3388 897 3458 quod
915 3388 1008 3442 solent
1024 3392 1055 3441 et
1072 3385 1185 3453 debent,
1197 3387 1385 3460 praestabunt

328 3480 358 3532 et
368 3477 429 3532 vias
441 3481 470 3533 ct
482 3482 582 3549 pontes
593 3477 670 3533 bona
681 3476 737 3532 tide
748 3479 779 3533 et
790 3475 852 3529 sine
865 3474 966 3528 frande
981 3479 1011 3529 et
1028 3475 1196 3528 sufficienter
1207 3475 1334 3528 reficient
1353 3474 1384 3529 in

327 3565 422 3619 eundo
434 3568 463 3619 et
475 3566 629 3620 redeundo.
668 3565 825 3619 Mercatum
838 3561 977 3616 sufficiens
990 3561 1073 3616 nobis
1085 3565 1114 3616 et
1126 3562 1231 3616 nostris
1248 3561 1384 3616 euntibus

328 3656 358 3707 et
369 3653 553 3708 redeuntibus
565 3654 640 3709 bona
651 3655 708 3710 ilde
719 3658 748 3709 et
760 3655 821 3709 sine
833 3654 934 3709 frande
945 3653 1139 3725 praestabunt.

364 3739 410 3794 84.
434 3738 469 3794 In
481 3740 560 3795 omni
572 3740 682 3796 decimo
694 3759 770 3797 amm
786 3741 937 3797 fidelitates
954 3741 1133 3798 renovabunt
1150 3739 1182 3795 iu
1199 3738 1254 3804 his,
1268 3739 1318 3810 qui
1335 3755 1385 3795 eas

328 3824 411 3880 nobis
423 3843 482 3881 non
494 3826 621 3894 fecefint,
634 3845 700 3883 cum
717 3845 769 3884 noe
787 3828 926 3900 petiemus
937 3830 983 3885 vel
1000 3847 1050 3902 per
1061 3845 1114 3885 uos
1125 3829 1171 3884 vel
1187 3845 1238 3901 per
1249 3826 1384 3883 nuntium

328 3917 466 3968 nostrum.

364 4000 407 4055 86.
432 3999 463 4055 Si
475 3998 526 4072 qui
536 4017 573 4056 ex
584 4003 665 4073 parte
682 4004 781 4058 nostra
797 4000 834 4057 de
851 4001 911 4059 suis
928 4002 1013 4076 iustis
1030 4002 1254 4077 possessionibus
1271 4000 1384 4073 expulsi
