3292 4809
318 596 360 662 82
536 614 670 666 snuncr
691 617 898 668 rmnrmvsn
923 618 1153 670 ooconrsrs.

316 781 399 845 tiam
411 788 505 847 tuam
515 792 671 871 rogantes
683 789 857 866 attentius,
868 790 1030 874 quatinus
1042 784 1378 857 eostamhoncrifice

317 905 418 970 quam
436 884 579 974 benigne
601 891 752 976 recipias,
768 892 908 959 honeste
930 901 1063 972 tractes,
1079 900 1115 959 et
1136 914 1176 958 ea
1197 912 1286 978 quae
1309 890 1379 975 ipsi

315 1010 416 1074 super
430 988 495 1055 hoc
510 997 546 1056 et
559 1012 661 1077 super
676 994 750 1060 aliis
767 995 811 1060 ad
825 997 987 1062 honorem
1003 998 1068 1062 Dei
1083 1004 1119 1063 et
1139 1001 1378 1061 sacrosanctae

317 1093 486 1161 Romanae
512 1097 702 1177 aecclesiae,
729 1098 773 1164 ad
798 1100 901 1167 decus
931 1103 1034 1167 etiam
1063 1107 1098 1168 et
1127 1100 1379 1165 exaltationem
1435 1156 1437 1160 ,

314 1199 446 1284 imperii
471 1202 676 1285 pertinentia
702 1225 745 1270 ex
771 1213 866 1290 parte
892 1214 1005 1271 nostra
1035 1205 1269 1290 imperatoriae
1301 1223 1381 1288 pro·

314 1304 489 1387 posuerint
503 1304 671 1393 dignitati,
687 1309 777 1374 sicut
791 1309 834 1375 ab
845 1331 900 1376 ore
916 1318 1029 1375 nostro
1039 1309 1231 1397 procedant,
1245 1307 1379 1393 absque

314 1407 385 1471 ulla
399 1407 599 1476 hesitatione
614 1412 775 1497 suscipias
792 1420 827 1479 et
847 1415 997 1499 ipsorum
1012 1413 1131 1491 verbis,
1144 1420 1324 1497 tamquam
1348 1409 1380 1475 si

314 1529 353 1576 ea
368 1511 581 1600 contingeret
596 1534 657 1580 nos
673 1516 833 1602 proferre,
850 1516 952 1583 fidem
965 1537 1034 1581 non
1051 1516 1184 1582 dubites
1199 1514 1380 1580 adhibere.

539 1700 582 1784 b)
607 1698 856 1765 Proclamatioa
871 1701 910 1784 of
925 1700 1104 1765 Frederiek
1117 1699 1149 1765 I.

356 1822 409 1890 11.
441 1825 529 1892 Cum
555 1827 670 1894 divina
696 1830 861 1915 potentia,
883 1850 904 1894 a
929 1851 997 1914 qua
1022 1829 1130 1894 omnis
1156 1834 1313 1914 potestas
1341 1827 1382 1891 in

311 1930 405 1995 caelo
420 1937 456 1995 et
470 1932 506 1995 in
521 1938 610 1997 terra
625 1932 731 2010 nobis,
747 1932 872 1998 christo
887 1933 970 2019 ejus,
981 1953 1125 2019 regnum
1139 1938 1176 1997 et
1190 1930 1383 2016 imperium

310 2033 496 2121 regendum
510 2036 724 2112 commiserit,
740 2042 776 2101 et
790 2057 910 2122 pacem
931 2035 1168 2100 aecclesiarum
1190 2034 1384 2118 imperiali·

309 2136 372 2203 bus
388 2139 488 2204 armis
510 2138 774 2204 conservandam
801 2138 1016 2215 ordinaverit,
1032 2159 1100 2202 non
1122 2138 1196 2202 sine
1221 2138 1383 2201 maximo

309 2239 424 2307 dolore
439 2241 550 2308 cordis
565 2242 726 2328 conqueri
745 2241 898 2327 cogimur
919 2240 1093 2305 dilectioni
1115 2246 1264 2318 vestrae,
1281 2239 1385 2325 quod

308 2364 329 2410 a
344 2345 454 2431 capite
468 2352 605 2412 sanctae
622 2345 815 2421 aecclesiae,
831 2344 887 2409 cui
910 2342 1067 2408 Christus
1088 2343 1183 2427 pacis
1205 2364 1248 2408 ac
1273 2342 1386 2409 dilec-

307 2447 410 2513 tionis
439 2470 520 2515 suae
547 2454 751 2514 caracterem
777 2447 954 2531 impressit,
983 2466 1082 2511 cause
1108 2444 1384 2525 dissensionum,

306 2552 523 2617 seminarium
546 2551 721 2627 malorum,
741 2549 897 2634 pestiferi
918 2547 1025 2613 morbi
1040 2570 1214 2614 venenum
1236 2570 1385 2615 manare

306 2654 485 2732 videntur3
516 2654 558 2720 de
585 2653 719 2739 quibus,
743 2652 809 2717 nisi
832 2651 926 2717 Deus
948 2659 1087 2729 avertat,
1110 2657 1226 2717 totum
1250 2674 1385 2739 corpus

306 2757 486 2824 aecclesiae
510 2756 758 2832 commaculari,
782 2755 949 2819 unitatem
971 2753 1089 2832 scindi,
1112 2754 1206 2819 inter
1227 2777 1386 2843 regnum

305 2868 342 2928 et
363 2862 588 2927 sacerdotium
611 2861 734 2925 scisma
756 2857 829 2923 fieri
851 2857 1127 2942 pertimescimus.
1174 2857 1268 2923 Cum
1285 2861 1387 2925 enim

304 2987 412 3050 nuper
425 2966 462 3030 in
478 2966 573 3031 curia
589 2961 743 3027 Bisuneii
759 2981 906 3025 essemus
922 2966 958 3025 et
972 2957 1014 3023 de
1029 2960 1156 3024 honore
1179 2962 1322 3047 imperii
1346 2972 1388 3031 et

302 3070 413 3135 salute
448 3068 690 3135 aecclesiarum
728 3061 841 3128 debita
875 3061 1103 3126 sollicitudine
1134 3070 1387 3146 tractaremus,

302 3180 471 3242 venerunt
499 3170 608 3259 legati
638 3166 827 3253 apostolici,
858 3173 1052 3240 asserentes,
1079 3185 1115 3228 se
1146 3166 1256 3232 talem
1288 3169 1389 3257 lega-

301 3279 430 3343 tionem
461 3282 598 3341 nostrae
616 3269 749 3336 ‘afferre
779 3266 955 3351 majestati,
979 3266 1070 3331 unde
1101 3267 1212 3333 honor
1240 3271 1388 3357 imperii

300 3402 369 3446 non
383 3401 528 3466 parvum
544 3376 698 3460 accipere
715 3370 855 3435 deberet
868 3369 1124 3432 incrementum.
1172 3369 1285 3452 Quos,
1299 3397 1389 3442 eum

299 3486 408 3573 prima
423 3484 477 3549 die
493 3482 666 3549 adventus
678 3471 861 3539 honorifice
873 3471 1147 3555 suscepissemus,
1161 3479 1197 3537 et
1208 3479 1389 3560 secunda,

297 3597 339 3656 ut
353 3610 425 3654 mos
440 3595 502 3666 est,
519 3584 564 3651 ad
580 3576 788 3647 audiendam
810 3573 1016 3658 legationem
1038 3595 1157 3639 eorum
1180 3598 1264 3643 cum
1289 3584 1392 3667 prin.

296 3693 428 3781 eipibus
450 3690 576 3757 nostris
600 3679 882 3751 consedissemus,
897 3674 970 3757 ipsi,
990 3677 1088 3759 quasi
1111 3675 1154 3742 de
1178 3700 1392 3755 mammona

295 3798 487 3886 iniquitatis
502 3790 626 3864 inflati,
644 3784 688 3848 de
704 3777 887 3846 altitudine
903 3776 1090 3860 superbiae,
1108 3778 1150 3843 de
1167 3779 1268 3849 fastu
1292 3809 1393 3857 arro-

292 3904 441 3993 gantiae,
457 3900 500 3966 de
517 3886 707 3964 execrabili
723 3879 847 3947 tumidi
862 3877 970 3942 cordis
989 3879 1146 3957 elatione,
1163 3882 1394 3971 legationem

292 4005 486 4098 apostolicis
518 3994 648 4088 litteris
688 3982 914 4065 conscriptam
944 3980 1040 4045 nobis
1071 3994 1393 4080 presentaverunt,
