3292 4809
425 625 563 675 rnaron
584 626 631 675 or
653 626 729 674 run
749 624 995 675 rnAnooumu
1015 626 1220 676 nurnaoas.
1306 610 1349 677 39

295 795 477 862 Heinrious
493 793 696 873 leodiensis,
713 793 892 860 Ricbertus
907 793 1148 872 Verdonensis,
1163 794 1249 861 Bibo
1270 795 1351 861 Tul·

293 900 408 979 lensis,
432 899 670 965 Hozemannus
693 896 871 984 Spirensis,
894 897 1136 964 Burokhardus
1159 897 1351 965 Halbersta·

294 1005 418 1083 densis,
451 1003 660 1069 Wernherus
695 1000 976 1089 strasburgensis,
1007 1001 1224 1069 Burohardus
1258 1002 1351 1068 Basi-

293 1110 420 1187 liensis,
447 1106 532 1174 Otto
560 1106 842 1184 constantiensis,
865 1105 1034 1171 Adalbero
1055 1106 1349 1195 wirciburgensis,

295 1213 504 1281 Routbertus
534 1211 832 1298 Babenbergensis,
858 1207 943 1275 Otto
973 1210 1238 1296 Ratisponensis,
1268 1209 1351 1275 Elli-

294 1318 419 1384 nardus
449 1316 683 1403 Frisingensis,
715 1313 896 1381 Odalrious
926 1314 1135 1392 Eistetensis,
1159 1313 1350 1381 Friderious

295 1421 583 1498 Monasteriensis,
605 1418 777 1485 Eilbertus
800 1416 999 1496 Mindensis,
1019 1417 1119 1483 Hezil
1142 1416 1352 1484 Hiltinishei·

295 1527 429 1604 mensis,
466 1524 586 1590 Benno
624 1522 926 1609 anneburgensis,
961 1520 1058 1607 Eppo
1095 1520 1350 1607 Neopolitanus,

295 1629 432 1696 Imadus
476 1626 797 1705 Paderbrunnensis,
837 1625 945 1691 Tiedo
986 1624 1350 1714 Brandaneburger'rsis‚

295 1732 513 1799 Burchardus
555 1730 789 1809 Losannensis,
825 1730 944 1796 Bruno
985 1728 1202 1808 Veronensis,
1235 1728 1352 1797 Hilde-

295 1836 423 1905 brando
444 1836 551 1902 fratri.

340 1940 429 2007 Cum
450 1941 595 2027 primum
618 1939 776 2005 ecclesiae
799 1939 1027 2027 gubernacula
1057 1936 1263 2015 invassisses‚
1285 1937 1352 2004 etsi

295 2045 379 2113 bene
400 2044 496 2111 nobis
518 2044 692 2131 cognitum
715 2050 813 2121 esset,
831 2064 933 2129 quam
955 2043 1110 2108 illicitam
1133 2048 1169 2107 et
1189 2040 1352 2107 nefariam

295 2172 366 2217 rem
387 2156 505 2216 contra
525 2149 579 2235 jus
595 2155 630 2215 et
644 2146 696 2213 fas
714 2146 874 2212 familiari
894 2147 957 2213 tibi
979 2146 1170 2233 arrogantia
1184 2165 1352 2231 praesum·

295 2256 436 2341 psisses3
459 2251 700 2319 dissimulanda
718 2259 833 2318 tamen
849 2251 1093 2337 dispensatoria
1109 2249 1255 2336 quadam
1271 2250 1352 2315 taci-

295 2360 470 2436 turnitate,
492 2364 563 2422 tam
585 2356 707 2423 vitiosa
735 2356 896 2422 introitus
919 2356 971 2421 tui
994 2353 1133 2421 exordia
1155 2354 1350 2440 putavimus

295 2469 468 2550 sperantes
480 2460 639 2527 videlicet
654 2467 724 2525 tam
739 2461 918 2526 criminosa
931 2460 1098 2546 principia
1114 2460 1351 2545 consequentis

294 2565 467 2654 regiminis
489 2565 541 2630 tui
563 2563 729 2650 probitate
753 2571 789 2630 et
810 2563 977 2631 industria
996 2563 1213 2640 emendanda,
1236 2570 1273 2630 et
1293 2564 1352 2629 ali-

293 2679 464 2758 quatenus
486 2669 725 2737 oblitteranda.
781 2669 913 2736 Verum
936 2691 1037 2747 nuno,
1060 2677 1101 2735 ut
1126 2666 1350 2733 lamentabilis

294 2771 492 2839 universalis
507 2771 667 2836 eeclesiae
682 2775 791 2835 status
813 2771 937 2835 clamat
951 2778 987 2836 et
1001 2770 1164 2857 deplorat,
1180 2770 1277 2836 malis
1291 2771 1352 2835 ini·

294 2877 351 2943 tiis
366 2876 435 2941 tuis
450 2896 510 2961 per
519 2862 647 2960 pejores
658 2873 831 2939 actionum
841 2872 1120 2960 decretorumque
1130 2881 1267 2940 tuorum
1278 2896 1352 2961 pro-

294 3001 429 3068 gressus
455 2968 585 3044 infelici
614 2976 796 3063 respondes
826 2984 943 3044 tenore
967 2984 1003 3044 et
1024 2978 1217 3064 pertinacia.
1262 2977 1351 3044 Cum

295 3085 386 3151 enim
411 3083 578 3149 Dominus
601 3089 637 3148 et
658 3080 849 3167 redemptor
871 3089 985 3148 noster
1006 3083 1097 3168 pacis
1120 3089 1155 3148 et
1177 3082 1350 3149 charitatis

294 3188 419 3254 bonum
434 3187 530 3273 quasi
545 3186 750 3274 singularem
772 3184 929 3252 fidelibus
951 3187 1021 3251 suis
1044 3185 1270 3253 characterem
1292 3187 1352 3251 im·

294 3291 460 3378 presserit,
486 3290 583 3376 cujus
609 3290 658 3357 rei
690 3290 884 3357 testimonia
910 3290 1008 3375 plura
1033 3295 1154 3356 extant
1178 3312 1281 3376 quam
1310 3298 1352 3358 ut

295 3395 465 3482 epistolari
486 3394 652 3461 brevitate
675 3393 913 3480 comprehendi
928 3394 1075 3473 valeant,
1093 3401 1167 3460 tue
1184 3396 1350 3461 contrario

295 3499 376 3564 dum
390 3497 540 3586 profanis
554 3497 671 3564 studes
682 3498 901 3576 novitatibus,
913 3496 995 3563 dum
1006 3499 1113 3586 magis
1125 3498 1236 3585 amplo
1248 3520 1350 3585 quam

293 3603 381 3669 bono
406 3602 543 3668 nomine
566 3602 754 3684 delectaris,
772 3602 855 3671 dum
877 3603 1032 3672 inaudita
1053 3604 1199 3674 elatione
1221 3605 1350 3673 disten·

294 3708 392 3785 deris,
414 3707 512 3774 velut
534 3706 672 3792 quidam
694 3705 838 3794 signifer
866 3707 1032 3773 scismatis
1061 3708 1174 3773 omnia
1203 3706 1351 3773 membra

294 3810 455 3879 ecclesiae
482 3830 568 3897 quae
595 3808 782 3875 secundum
806 3811 998 3897 apostolum
1025 3812 1176 3896 quietam
1201 3817 1238 3877 et
1262 3818 1350 3877 tran·

295 3916 424 4001 quilam
445 3914 552 3982 vitam
573 3921 652 3979 ante
675 3913 757 3980 haec
779 3921 841 3979 tua
864 3922 1013 4001 tempora
1036 3913 1190 4003 agebant,
1205 3914 1351 4001 superba

294 4018 506 4097 erudelitate,
528 4016 726 4104 crudelique
748 4018 904 4104 superbia
928 4018 1093 4097 lacerasti,
1115 4016 1350 4106 flammamque
