3292 4809
193 581 236 647 88
412 602 545 651 smncr
567 604 775 655 mnnrmvan
799 607 1027 657 oocvrmrrs.

190 763 254 831 sibi
270 766 372 833 licere
388 767 516 848 dicum,
532 769 635 837 leuda
650 773 806 841 vendunt
821 783 857 841 et
870 776 907 839 in
923 775 1005 840 alios
1025 772 1253 849 transferunt,

191 889 232 934 ne
245 870 312 936 tale
332 870 532 958 figmentum
548 875 603 942 vel
627 877 721 942 aliud
742 879 887 944 ulterius
909 880 945 943 in
967 876 1123 943 fraudem
1144 876 1253 961 hujus

190 979 322 1040 nostrae
347 978 597 1045 constitutionis
621 982 842 1069 excogitatur,
866 980 1021 1048 omnibus
1044 980 1152 1044 modis
1176 1000 1255 1063 pro-

189 1075 361 1155 hibemus3
384 1080 483 1165 plena
503 1085 705 1150 auctoritaie
728 1091 842 1151 nostra
863 1091 1060 1162 statuentes,
1076 1090 1117 1149 ut
1132 1082 1254 1148 vendi-

188 1186 243 1245 tor
272 1189 307 1247 et
336 1191 476 1269 emptor,
507 1187 567 1271 qui
598 1195 669 1253 tam
699 1188 818 1254 illicita
849 1189 1057 1255 contraxisse
1090 1194 1254 1272 repertus

187 1282 302 1363 fuerit,
329 1284 470 1352 feudum
496 1291 641 1368 amittat,
669 1291 773 1357 etad
800 1291 974 1357 dominum
1003 1291 1107 1356 libere
1138 1312 1255 1355 rever-

187 1394 295 1465 tatur3
318 1390 426 1456 scriba
446 1414 536 1470 vero,
554 1395 614 1480 qui
636 1417 739 1481 super
760 1395 824 1460 hoc
847 1396 1114 1461 instrumentum
1136 1395 1254 1459 sciens

187 1493 431 1579 conscripserit,
465 1503 543 1582 post
579 1499 793 1563 amissionem
830 1497 931 1564 officii
968 1520 1048 1563 cum
1084 1497 1253 1562 infamiae

185 1596 338 1682 periculo
361 1620 498 1664 manum
521 1602 667 1667 amittat.
713 1601 880 1679 Preterea,
895 1602 924 1666 sl
946 1602 1024 1686 quis
1046 1599 1254 1666 infeudatus

185 1701 291 1788 major
316 1700 359 1767 14
385 1704 481 1770 annis
507 1726 569 1770 sua
598 1706 730 1771 incuria
758 1705 815 1770 vel
845 1726 906 1769 sua
936 1704 1158 1792 neglegentia
1189 1726 1255 1789 per

184 1825 312 1870 annum
327 1813 363 1872 et
378 1806 468 1873 diem
482 1809 625 1885 steterit,
642 1807 735 1893 quod
748 1807 843 1873 feudi
854 1809 1091 1873 investituram
1106 1828 1127 1871 a
1138 1807 1255 1891 primo

184 1908 321 1975 domino
331 1932 398 1976 non
408 1912 552 1996 petierit,
563 1917 733 1976 transacto
743 1909 805 1976 hoo
817 1909 1091 1996 spaci0,feudum
1099 1911 1255 1986 amittat,

183 2012 277 2078 etad
297 2013 470 2079 dominum
492 2014 618 2080 redeat.
665 2012 823 2077 Firmiter
844 2014 946 2078 etiam
967 2014 1154 2078 statuimus
1178 2019 1255 2078 tam

181 2116 219 2180 in
233 2116 334 2182 Italia
345 2139 447 2203 quam
459 2116 675 2193 Alemannis,
686 2122 736 2192 ut,
749 2116 955 2201 quicumque
970 2115 1099 2181 indicta
1110 2116 1255 2201 publice

182 2220 397 2307 expeditione
420 2228 561 2287 vocatus
587 2240 608 2283 a
634 2218 770 2283 domino
796 2239 858 2283 suo
881 2218 925 2283 ad
947 2219 1089 2284 eandem
1112 2220 1257 2304 expedi-

181 2324 310 2389 tionem
327 2324 436 2410 spatio
459 2321 669 2407 competenti
687 2320 802 2385 venire
817 2321 1046 2406 supersederit
1063 2323 1118 2388 vel
1142 2324 1256 2388 alium

180 2448 241 2513 pro
265 2448 301 2493 se
325 2426 460 2492 domino
484 2423 727 2509 acceptabilem
752 2424 888 2489 mittere
914 2426 1169 2509 contempserit,
1193 2428 1256 2492 vel

180 2529 358 2595 dimidium
378 2529 508 2595 reditus
531 2524 629 2592 feudi
652 2513 857 2589 unius'anni
880 2525 1019 2592 domino
1042 2550 1112 2594 non
1136 2530 1258 2595 minis-

179 2634 330 2711 traverit,
348 2631 502 2707 feudum,
519 2627 614 2715 quod
629 2626 671 2692 ab
693 2628 847 2712 episcopo
869 2637 930 2694 aut
951 2629 995 2695 ab
1016 2631 1085 2704 alio
1108 2632 1256 2699 domino

178 2736 289 2814 habet,
320 2737 467 2811 amittat,
498 2739 535 2799 et
565 2729 721 2795 dominus
750 2729 847 2794 feudi
875 2732 913 2794 in
945 2754 1025 2799 usos
1052 2756 1133 2801 suos
1161 2736 1258 2802 illud

177 2839 355 2927 redigendi
370 2837 527 2905 omnibus
543 2832 652 2898 modis
668 2830 789 2895 habeat
803 2839 1017 2916 potestatem.

221 2942 397 3009 Preterea:
423 2941 582 3013 ducatus,
599 2932 756 3009 marchia,
773 2935 955 3001 comitatus
973 2937 1170 3007 decaetero
1182 2965 1258 3009 non

176 3044 360 3124 divitatur;
383 3043 481 3111 aliud
504 3046 622 3106 autem
644 3034 795 3112 feudum,
810 3037 839 3100 si
863 3047 1039 3106 consortes
1062 3045 1258 3125 voluerint,

175 3147 360 3228 dividatur,
382 3150 432 3214 ita
457 3152 499 3209 ut
526 3159 644 3207 omnes
668 3138 728 3223 qui
754 3144 885 3221 partem
908 3139 1004 3205 feudi
1027 3143 1161 3212 habent
1183 3150 1258 3234 jam

174 3250 274 3319 divisi
290 3254 346 3320 vel
362 3245 544 3317 dividendi
560 3241 759 3306 fidelitatem
771 3238 908 3306 domino
919 3241 1060 3323 iaciant,
1073 3249 1123 3313 ita
1135 3258 1258 3317 tamen

173 3362 214 3420 ut
228 3357 392 3423 vassallus
407 3368 560 3441 prouno
577 3342 681 3408 feudo
697 3340 811 3425 plures
832 3342 986 3411 dominos
1009 3369 1081 3412 non
1105 3358 1260 3439 compel-
1289 3345 1291 3348 ’

171 3455 263 3524 latur
284 3461 417 3536 habere,
437 3474 503 3520 nec
528 3446 687 3512 dominus
710 3442 851 3507 feudum
873 3448 946 3512 sine
970 3451 1155 3520 voluntate
1182 3480 1260 3525 vas-

169 3563 331 3630 sallorum
354 3563 398 3629 ad
421 3559 534 3626 alium
558 3544 759 3619 transferat3
783 3546 930 3632 insuper,
946 3551 977 3613 si
999 3552 1093 3620 fflius
1112 3562 1260 3626 vassalli

168 3660 344 3735 dominum
359 3655 561 3735 offenderit,
577 3656 716 3733 patena
731 3646 867 3713 domino
883 3654 1084 3735 requisitus,
1098 3659 1261 3729 adducat

166 3750 276 3837 fflium
292 3774 335 3839 ad
350 3752 640 3839 satisfaciendum
656 3748 789 3812 domino
806 3751 862 3815 vel
878 3772 898 3815 a
914 3775 950 3818 se
966 3755 1081 3822 fflium
1103 3776 1259 3848 separet,

163 3867 319 3960 alioquin
330 3874 436 3943 feudo
449 3862 633 3955 privetur3
649 3851 677 3915 si
689 3871 768 3915 vero
777 3858 874 3935 pater
883 3855 963 3921 vult
974 3878 1055 3923 eum
1066 3861 1259 3949 deducere,

162 3976 206 4035 ut
219 3981 415 4057 satisfaciat,
433 3970 532 4039 filius
556 3962 673 4023 autern
694 3956 912 4039 contempnit,
928 3967 1027 4044 patre
1049 3975 1193 4036 mortuo
1218 3974 1261 4039 in
