3292 4809
559 658 636 709 rrrn
656 659 916 712 onnormomr
936 661 1084 713 aaaron.
1303 642 1346 713 11

293 828 427 917 genitor
449 828 614 915 Pippinus
641 828 813 916 quondam
836 852 896 897 rex
921 838 956 897 et
978 832 1050 917 ipse
1074 829 1349 917 praecellentissi-

294 954 369 999 mus
400 932 544 998 Carulus
574 955 652 1000 eum
681 955 743 1000 suo
773 956 934 1022 germano
966 934 1214 1001 Carulomanno
1243 942 1347 1021 atque

294 1036 448 1102 omnibus
473 1036 641 1104 iudicibus
664 1038 871 1106 Francorum
893 1038 1046 1107 fecerant
1067 1040 1165 1106 beato
1187 1038 1290 1106 Petro
1313 1046 1349 1106 et

294 1141 367 1207 eius
382 1141 507 1207 vicario
527 1149 663 1208 sanctae
683 1144 863 1209 memoriae
886 1143 1009 1209 domno
1032 1142 1204 1230 Stephano
1226 1144 1349 1209 iuniori

294 1266 409 1331 papae,
422 1245 559 1331 quando
572 1245 749 1313 Franciam
760 1249 920 1333 perrexit,
932 1270 993 1335 pro
1004 1248 1227 1315 concedendis
1243 1248 1350 1315 diver·

293 1350 340 1416 sis
360 1349 554 1416 civitatibus
575 1371 614 1417 ac
635 1352 814 1418 territoriis
836 1354 934 1419 istius
957 1352 1076 1419 Italiae
1098 1354 1290 1439 provinciae
1313 1360 1350 1420 et

294 1453 531 1521 contradendis
557 1454 656 1521 beato
683 1455 786 1522 Petro
807 1457 948 1543 eiusque
976 1456 1130 1522 omnibus
1154 1457 1289 1523 vicariis
1312 1458 1348 1521 in

294 1566 495 1645 perpetuum
516 1558 736 1644 possidendis,
759 1560 959 1647 adimpleret
980 1562 1017 1626 in
1040 1560 1204 1627 omnibus.
1249 1560 1350 1627 Oum-

295 1684 361 1749 que
376 1663 484 1748 ipsam
498 1665 763 1750 promissionem,
779 1687 866 1751 quae
883 1665 1024 1732 Francia
1038 1666 1074 1730 in
1088 1666 1164 1732 loco
1180 1665 1240 1751 qui
1256 1687 1351 1731 voca·

294 1773 353 1832 tur
364 1766 534 1834 Carisiaeo
549 1767 641 1833 iacta
655 1775 717 1847 est,
728 1768 792 1835 sibi
806 1770 913 1857 relegi
928 1769 1074 1848 iecisset,
1087 1770 1350 1856 complacuerunt

295 1870 346 1935 illi
361 1877 397 1936 et
416 1872 489 1937 eius
509 1871 677 1938 iudicibus
698 1874 811 1938 omnia
832 1895 920 1959 quae
943 1873 1067 1939 ibidem
1089 1880 1186 1939 amnt
1208 1872 1349 1939 adnexa.

296 1974 343 2040 Et
356 1976 490 2062 propria
504 1977 692 2055 voluntate,
704 1976 792 2043 bono
806 1999 846 2043 ac
860 1977 981 2043 libenti
996 1978 1117 2055 animo,
1129 1977 1231 2042 aliam
1250 1975 1350 2042 dona·

295 2080 398 2146 tionis
412 2081 667 2165 promissionem
682 2081 726 2146 ad
743 2082 851 2146 instar
869 2082 1045 2147 anterioris
1065 2081 1136 2167 ipse
1158 2080 1350 2147 antedictus

295 2185 635 2269 praecellentissimus
665 2191 701 2251 et
729 2207 847 2252 revera
876 2186 1174 2251 christianissimus
1205 2184 1350 2250 Carulus

297 2286 504 2354 Francorum
528 2310 590 2354 rex
617 2288 760 2355 adscribi
789 2290 890 2355 iussit
917 2311 978 2375 per
1008 2288 1196 2367 Etherium‚
1219 2288 1352 2375 religio

295 2412 425 2458 sumac
440 2391 739 2478 prudentissimum
761 2394 966 2479 capillanum
987 2398 1022 2458 et
1042 2393 1211 2458 notarium
1229 2404 1331 2457 suum
1341 2416 1351 2468 ;

296 2495 354 2561 ubi
368 2497 535 2563 concessit
549 2496 683 2563 easdem
701 2498 857 2564 civitates
881 2503 916 2563 et
938 2497 1106 2563 territoria
1126 2495 1225 2562 beat-o
1247 2495 1351 2561 Petro

296 2620 419 2686 easque
435 2599 586 2686 praefato
601 2601 753 2687 pontifici
764 2600 919 2667 contradi
934 2599 1118 2687 spopondit
1128 2621 1190 2686 per
1200 2598 1353 2686 designa-

296 2711 371 2770 tum
400 2704 593 2783 confinium,
623 2706 714 2771 sieut
746 2705 782 2769 in
816 2704 933 2771 eadem
966 2704 1149 2770 donatione
1180 2704 1351 2769 continere

296 2815 512 2887 monstratur,
528 2808 565 2873 id
579 2815 649 2886 est3
671 2830 691 2874 a
707 2808 813 2874 Lunis
834 2830 912 2874 cum
934 2809 1046 2874 insula
1069 2808 1215 2885 Corsica,
1230 2806 1352 2874 deinde

296 2912 333 2976 in
347 2910 501 2990 Susiano,
517 2912 638 2979 deinde
654 2913 690 2977 in
705 2918 820 2978 monte
836 2911 1003 2990 Bardone,
1018 2911 1055 2976 id
1072 2918 1124 2977 est
1142 2912 1180 2976 in
1194 2910 1352 2988 Verceto,

198 3093 201 3099 ,
297 3014 418 3081 deinde
433 3017 470 3080 in
484 3015 615 3095 Parma,
628 3015 751 3082 deinde
767 3017 804 3080 in
820 3016 946 3103 Regio;
969 3022 1005 3082 et
1019 3015 1142 3081 exinde
1157 3016 1194 3079 in
1209 3014 1353 3081 Mantua

297 3125 400 3204 atque
416 3118 534 3186 Monte
550 3119 671 3198 Silicis,
687 3120 857 3205 simulque
873 3126 909 3185 et
923 3120 1120 3186 universum
1135 3119 1353 3186 exarchatum

298 3221 581 3302 Ravennantium,
604 3224 693 3289 sicut
716 3225 906 3309 antiquitus
930 3231 1014 3302 erat,
1037 3230 1140 3310 atque
1163 3224 1353 3309 provincias

297 3326 696 3404 Venetiarumetlstria3
719 3348 853 3394 necnon
865 3335 900 3393 et
911 3334 1074 3393 cunctum
1085 3327 1263 3394 ductatum
1275 3325 1356 3412 Spe

297 3430 435 3497 litinum
451 3453 514 3497 seu
525 3431 813 3497 Beneventanum.
852 3430 1026 3517 Factaque
1042 3431 1158 3498 eadem
1173 3430 1354 3497 donatione

298 3541 334 3600 et
347 3536 481 3622 propria
499 3556 562 3601 sua
579 3556 683 3601 manu
703 3556 777 3601 eam
799 3536 871 3621 ipse
894 3535 1191 3602 christianissimus
1213 3534 1357 3599 Franco·

297 3660 373 3705 rum
398 3661 458 3705 rex
485 3661 559 3706 eam
583 3638 780 3717 conrobans,
804 3640 979 3706 universos
1007 3640 1190 3725 episcopos,
1210 3638 1355 3716 abbates,

297 3742 401 3810 duces
416 3746 519 3811 etiam
533 3751 570 3810 et
583 3745 749 3832 grafiones
765 3744 801 3807 in
817 3764 857 3809 ea
869 3743 1014 3810 adscribi
1024 3742 1125 3819 fecit;
1148 3764 1252 3829 quam
1262 3743 1356 3828 prius

297 3867 399 3934 super
415 3848 520 3914 altare
542 3848 632 3914 beati
655 3847 749 3913 Petri
771 3853 808 3913 et
829 3846 1043 3933 postmodum
1066 3847 1159 3912 intus
1181 3847 1218 3910 in
1239 3853 1357 3912 sancta

298 3952 370 4017 eius
382 3951 589 4018 confessione
601 3958 776 4039 ponentes,
785 3958 857 4017 tam
868 3951 940 4037 ipse
952 3951 1159 4016 Francorum
1170 3972 1231 4017 rex
1244 3971 1358 4036 quam·

298 4076 366 4144 que
381 4056 454 4123 eius
469 4055 608 4135 iudices,
623 4055 721 4123 beato
736 4055 839 4124 Petro
860 4061 896 4121 et
915 4056 988 4122 eius
1004 4056 1129 4122 vicario
1144 4055 1358 4123 sanctissimo
