3292 4809
297 591 301 598 ·
320 557 385 624 108
551 574 685 625 smuor
706 574 913 624 rmnrmvsr.
934 576 1164 626 nocuimurs,

321 743 532 809 municatum
547 744 583 808 in
597 765 722 832 regem,
734 750 927 831 tyrannum,
939 745 995 812 vel
1010 744 1154 824 fatuum,
1169 745 1376 815 haereticum

324 847 497 935 eligerent,
508 855 569 913 aut
579 869 759 935 paganum,
771 870 832 914 nos
844 850 1018 937 inungere,
1031 871 1222 917 consecrare
1235 872 1273 918 ac
1286 874 1377 920 coro·

319 972 398 1016 nare
413 951 582 1017 hominem
597 951 791 1037 hujusmodi
807 952 1030 1019 deberemus?
1077 954 1180 1021 Absit
1193 958 1341 1024 omnino.

364 1054 555 1141 Objectioni
585 1076 666 1144 ergo
692 1057 882 1143 principum
907 1056 1160 1143 respondentes,
1184 1062 1373 1141 asserimur,

319 1158 412 1245 quod
434 1159 567 1246 legatus
587 1168 700 1226 noster
715 1162 894 1246 episcopus
910 1160 1150 1229 Praenestinus
1165 1166 1373 1233 carissimum

297 1263 355 1328 ·in
371 1262 507 1329 Christo
526 1264 635 1329 filium
657 1272 811 1331 nostrum
833 1265 1047 1351 approbando
1068 1289 1184 1355 regem
1200 1268 1372 1350 Ottonem,

318 1375 354 1433 et
375 1367 582 1454 reprobando
604 1368 800 1455 Philippum
822 1369 944 1436 ducem
966 1369 1119 1450 Suaviae,
1140 1393 1202 1438 nec
1218 1374 1373 1441 electoris
1420 1359 1426 1368 ¹

317 1472 423 1559 gessit
436 1493 622 1558 personam,
639 1473 737 1560 juxta
753 1471 846 1558 quod
866 1474 960 1540 nobis
983 1496 1044 1561 per
1064 1476 1178 1541 literas
1200 1498 1279 1542 suas
1301 1479 1374 1564 qui·

318 1574 396 1640 dam
407 1576 597 1662 principum
609 1577 832 1663 opponebant,
844 1585 962 1663 utpote
975 1601 1041 1664 que
1053 1601 1116 1646 neo
1128 1579 1211 1646 fecit
1224 1581 1372 1666 aliquem

318 1680 409 1768 eligi,
425 1702 486 1746 nec
503 1681 618 1767 elegit,
634 1682 731 1747 etsie
746 1681 906 1747 electioni
926 1704 1141 1769 nequaquam
1162 1685 1303 1772 ingessit
1324 1708 1372 1765 se,

318 1806 381 1851 nec
400 1785 583 1873 cognitoris
605 1806 782 1871 pomonam
804 1786 968 1864 exhibuit,
984 1809 1091 1873 quum
1112 1791 1266 1855 neutrius
1289 1790 1374 1857 clec-

320 1890 448 1955 tionem
463 1889 576 1976 quoad
589 1888 719 1955 factum
734 1890 935 1977 eligentium
946 1891 1208 1957 confirmandam
1225 1892 1372 1972 duxerit,

317 2001 378 2059 aut
393 1994 495 2060 etiam
509 1993 752 2058 infirmandam.
784 1993 831 2059 Et
845 1995 893 2060 sic
911 1995 965 2081 jus
980 1995 1044 2061 sibi
1058 1995 1250 2081 principum
1264 1998 1373 2061 nulla-

316 2104 416 2163 tenus
431 2097 609 2183 usurpavit
629 2104 689 2163 aut
700 2099 796 2164 venit
809 2106 927 2163 contra
942 2100 1040 2164 illud.
1081 2101 1246 2166 Exercuit
1258 2109 1372 2167 autem

317 2201 566 2267 denuntiatoris
582 2199 738 2278 officium,
755 2201 836 2286 quia
850 2222 1027 2287 personam
1042 2201 1137 2268 ducis
1154 2201 1303 2287 ejusdem
1323 2204 1372 2266 in·

199 2305 206 2322 '
316 2304 464 2393 dignam,
480 2312 515 2370 et
529 2325 706 2390 personam
727 2306 817 2393 regis
842 2304 1060 2371 denunciavit
1080 2304 1234 2371 idoneam
1257 2305 1371 2391 quoad

258 2479 261 2484 ,
315 2408 494 2494 imperium
517 2408 748 2486 obtinendum,
772 2430 842 2474 non
864 2415 934 2473 tam
955 2416 1092 2494 propter
1113 2407 1227 2474 studia
1248 2411 1371 2498 eligen-

316 2518 412 2596 tium,
429 2539 531 2605 quam
553 2524 690 2603 propter
708 2515 829 2581 merita
853 2501 1056 2588 electorum3
1080 2514 1234 2598 quamvis
1255 2513 1370 2599 plures

316 2643 360 2688 ex
377 2622 457 2700 illis,
473 2622 533 2708 qui
555 2619 703 2708 eligendi
726 2639 841 2706 regem
863 2618 899 2681 in
920 2618 1153 2702 imperatorem
1175 2638 1371 2703 promoven-

316 2724 398 2790 dum
420 2725 461 2792 de
487 2725 560 2812 jure
583 2746 621 2790 ac
644 2722 686 2789 de
709 2720 956 2789 consuetudine
980 2720 1135 2793 obtinent
1156 2728 1369 2806 potestatem,

316 2829 521 2896 consensisse
544 2827 785 2915 perhibeantur
807 2826 844 2890 in
867 2826 977 2912 ipsum
1000 2845 1113 2911 regem
1137 2824 1311 2903 Ottonem,
1334 2832 1371 2891 et

316 2954 358 2999 ex
374 2955 424 3011 co,
441 2932 533 3018 quod
554 2932 702 2998 fautores
727 2930 877 3015 Philippi
902 2928 1008 3006 dacia,
1023 2928 1216 2994 absentibus
1238 2930 1313 2994 aliis
1336 2937 1371 2995 et

316 3037 529 3123 contemptis,
550 3037 661 3123 ipsum
683 3036 807 3123 eligere
835 3040 1142 3120 praesumpserunt,
1164 3039 1289 3118 pateat,
1312 3055 1369 3099 eos

315 3162 489 3227 perperam
517 3141 726 3227 processisse,
752 3159 859 3225 quum
889 3137 1055 3222 explorati
1084 3138 1130 3202 sit
1158 3137 1252 3223 juris,
1277 3137 1370 3222 quod

317 3246 474 3311 electioni
510 3245 587 3331 plus
624 3250 839 3329 contemptus
873 3242 984 3319 unius,
1016 3262 1118 3326 quam
1147 3239 1369 3307 contradictio

315 3350 500 3414 multorum
517 3348 666 3415 obsistat.
706 3346 816 3424 Unde,
833 3346 913 3432 quia
935 3344 1152 3432 privilegium
1174 3352 1370 3410 meruerunt

315 3454 467 3519 amittere
492 3453 551 3538 qui
573 3452 734 3539 permissa
756 3450 819 3516 sibi
842 3448 937 3514 abusi
960 3456 1041 3514 sunt
1064 3454 1242 3534 potestate,
1261 3447 1370 3514 videri

315 3578 384 3622 non
406 3557 574 3622 immerito
597 3563 719 3643 potest,
743 3553 838 3640 quod
860 3553 984 3639 injuria
1007 3551 1202 3638 hujusmodi
1225 3573 1293 3617 non
1316 3551 1371 3618 ob

315 3669 427 3728 stante
452 3661 556 3728 ceteri
579 3661 632 3726 uti
656 3660 805 3746 poterint
830 3658 903 3745 jure
927 3678 999 3724 suo.
1045 3656 1092 3722 Et
1116 3657 1275 3743 quoniam
1297 3655 1369 3721 dux
1455 3709 1458 3716 c

315 3765 507 3852 praedictus
529 3786 590 3831 nec
613 3763 672 3829 ubi
694 3762 819 3840 debuit,
836 3784 898 3827 nee
921 3782 941 3825 a
963 3782 1031 3847 quo
1048 3760 1175 3838 debuit,
1192 3766 1228 3826 et
1241 3761 1371 3825 unctio

214 3927 217 3932 i
315 3890 390 3935 nem
407 3869 545 3955 accepit,
557 3875 760 3934 memoratus
772 3887 852 3932 vero
868 3887 927 3930 rex
943 3870 979 3930 et
994 3863 1051 3929 ubi
1068 3862 1193 3940 debuit,
1209 3862 1372 3930 videlicet

316 3972 535 4061 Aquisgrani,
550 3979 586 4038 et
603 3992 623 4037 a
641 3992 709 4058 quo
732 3970 860 4047 debuit,
875 3968 1004 4034 scilicet
1020 3987 1041 4032 a
1058 3965 1243 4032 venerabili
1265 3966 1370 4035 fratre
