3292 4809
526 630 611 680 rur
632 627 936 680 nourrsraurnrr
956 627 1103 678 rumen.
1284 608 1350 680 151

293 799 447 878 seculari,
463 799 528 865 nisi
549 820 650 884 super
669 796 777 864 feodis
799 797 932 883 questio
948 796 1093 863 civiliter
1107 795 1295 875 haberetur,
1310 818 1349 863 ec
1386 781 1389 788 ¹

295 904 494 991 Templariis
509 909 545 969 et
560 902 798 988 Hospitalariis
814 909 849 968 at
863 902 938 966 aliis
953 902 1104 987 personis
1115 901 1350 968 ecclesiasticis

294 1009 337 1075 de
352 1007 505 1093 dampnis
521 1013 557 1072 et
571 1006 704 1092 injuriis
726 1006 881 1093 irrogatis
900 1004 1027 1071 eisdem
1040 1004 1251 1072 satisfaceret
1259 1027 1351 1072 eom·

294 1119 468 1200 petentem
486 1112 557 1197 ipse
569 1109 767 1175 mandatum
782 1109 975 1196 hujusmodi
990 1108 1171 1195 adimplere
1183 1117 1352 1197 contemp-
1486 1128 1491 1132 ·

294 1218 350 1284 sit.
380 1216 506 1301 Liquet
516 1235 661 1300 namque
674 1213 832 1280 undecim
847 1221 908 1279 aut
922 1214 1036 1300 plures
1051 1213 1350 1301 archiepiscopales

295 1329 331 1388 et
352 1321 479 1386 multas
503 1318 706 1406 episcopales
730 1316 837 1395 sedes,
861 1317 1010 1384 abbatias
1037 1338 1173 1404 quoque
1198 1339 1238 1385 ac
1267 1319 1351 1385 alias

295 1424 453 1491 eeclesias
475 1423 519 1489 ad
539 1443 696 1509 praesens
718 1422 756 1486 in
778 1442 885 1509 regno
906 1443 1024 1488 vacare
1046 1421 1209 1508 predicto,
1227 1443 1351 1508 easque

185 1579 192 1591 .
295 1519 496 1615 procurante
510 1528 594 1612 ipso,
610 1527 699 1592 sicut
721 1532 836 1611 aperte
855 1532 960 1611 patet,
976 1524 1081 1592 fuisse
1096 1525 1226 1592 diutius
1247 1526 1354 1611 prela·
1464 1555 1466 1558 ·

295 1640 408 1699 torum
422 1632 584 1720 regimine
597 1631 778 1698 destitutas
793 1631 829 1695 iu
844 1652 947 1719 greve
962 1630 1111 1717 ipsarum
1125 1630 1351 1718 prejudicium

296 1743 332 1803 et
344 1737 531 1823 periculum
547 1735 743 1813 animarum,
759 1742 795 1801 et
808 1736 891 1802 licet
905 1734 993 1801 forte
1015 1735 1053 1799 in
1074 1734 1251 1821 aliquibus·
1267 1736 1353 1821 ejus·

297 1839 374 1908 dem
387 1841 485 1928 regni
501 1840 650 1906 ecclesiis
666 1840 846 1906 electiones
856 1886 858 1891 ·
868 1839 939 1905 sint
960 1860 981 1904 a
998 1839 1156 1925 capitulis
1173 1838 1351 1918 celebrate,

296 1946 378 2033 quia
392 1951 504 2010 tamen
515 1966 575 2030 per
586 1945 647 2008 illa
659 1943 810 2030 ejusdem
821 1943 1003 2009 familiares
1019 1943 1133 2010 clerici
1147 1950 1230 2010 sunt
1240 1944 1351 2021 electi,

296 2048 459 2137 probabili
485 2054 598 2135 potest
623 2055 822 2135 argumento
848 2046 1005 2113 concludi
1032 2047 1125 2134 quod
1150 2047 1352 2113 facultatem

297 2173 366 2219 non
391 2152 584 2227 habuerunt
609 2152 749 2218 liberam
774 2151 933 2240 eligendi.
982 2151 1210 2218 Ecclesiarum
1236 2158 1352 2218 autem

298 2258 403 2344 ipsius
427 2258 523 2344 regni
546 2278 614 2322 non
637 2257 747 2321 solum
770 2255 952 2322 facultates
977 2263 1012 2322 et
1035 2256 1123 2322 bona
1146 2255 1229 2323 fecit
1250 2262 1352 2342 prout

297 2362 407 2429 voluit
428 2361 595 2447 occupari,
617 2359 800 2427 sedetiam
822 2382 946 2439 cruces,
970 2360 1153 2439 thuribula,
1172 2361 1294 2427 calices
1316 2366 1352 2426 et

254 2492 259 2501 ·
297 2466 379 2532 alios
405 2486 521 2531 earum
549 2486 660 2531 sacros
689 2465 864 2531 thesauros
891 2473 926 2531 et
951 2486 1080 2552 pannos
1106 2465 1229 2531 sericos
1255 2465 1353 2532 velut

298 2569 410 2636 cultus
434 2569 542 2636 divini
566 2575 777 2655 contemptor
799 2568 947 2648 aufferri,
963 2569 1045 2636 licet
1066 2566 1107 2635 ut
1128 2568 1254 2636 dicitur
1270 2570 1352 2656 ipsis

298 2674 456 2751 ecclesiis,
483 2680 603 2740 exacto
630 2680 744 2740 tamen
769 2675 863 2759 prius
888 2695 949 2760 pro
975 2674 1023 2740 eis
1049 2681 1141 2740 certo
1167 2674 1290 2761 preci0‚
1315 2674 1353 2739 in

297 2784 391 2864 parte
413 2776 543 2843 fuerint
564 2778 725 2843 restituti.
766 2776 890 2844 Clerici
913 2779 1038 2864 quippe
1062 2778 1213 2844 collectis
1235 2786 1271 2844 et
1293 2778 1354 2844 tal·

297 2881 352 2947 liis
373 2881 610 2967 multipliciter
631 2880 864 2969 afflinguntur,
888 2904 951 2947 nec
973 2883 1085 2948 solum
1106 2882 1288 2948 trahuntur
1308 2880 1354 2947 ad

297 2984 445 3072 judicem
478 2985 676 3061 secularem,
703 2985 775 3061 sed,
792 2993 833 3052 ut
858 2987 1029 3063 asseritur,
1046 2993 1215 3073 coguntur
1240 2986 1352 3052 subire

298 3089 422 3167 duella,
449 3089 709 3167 incarcerantur,
733 3089 937 3155 occiduntur
959 3098 995 3171 et
1018 3090 1178 3176 patibulis
1205 3092 1355 3157 crucian-

298 3200 355 3259 tur
384 3193 419 3257 in
450 3191 682 3259 confusionem
711 3200 746 3259 et
776 3192 990 3280 obprobrium
1019 3194 1145 3260 ordinis
1179 3194 1352 3261 clericalis.

299 3297 444 3363 Prefatis
466 3304 581 3363 autem
596 3296 796 3381 Templariis
823 3306 859 3364 et
883 3298 1119 3384 Hospitalariis
1143 3306 1180 3364 et
1202 3299 1353 3386 personis

299 3400 532 3467 ecclesiasticis
568 3422 636 3466 non
653 3409 721 3482 ‘est
750 3401 792 3467 de
823 3401 978 3488 dampnis
1014 3403 1118 3467 illatis
1155 3403 1282 3469 eisdem
1318 3409 1354 3470 et

297 3504 432 3592 injuriis
469 3503 691 3571 satisfactum.
753 3505 842 3570 Eum
872 3527 1009 3591 quoquc
1039 3513 1170 3572 certum
1199 3515 1252 3573 est
1280 3506 1353 3573 fore

298 3608 468 3696 sacrilegii
489 3615 702 3694 patratorem.
747 3608 836 3674 Nam
854 3630 932 3675 cum
946 3608 1090 3695 praefati
1106 3609 1304 3677 Portuensis
1319 3617 1355 3677 et

300 3712 519 3779 Prenestinus
535 3714 682 3799 episcopi
698 3720 733 3779 et
747 3734 851 3799 quam
866 3713 980 3798 plures
996 3713 1212 3780 ecclesiarum
1232 3715 1354 3800 prelati

300 3822 336 3883 ct
350 3817 463 3883 clerici
483 3824 552 3883 tam
570 3818 720 3905 religiosi
742 3839 845 3903 quam
867 3817 1034 3883 seculares
1056 3817 1101 3882 ad
1122 3815 1354 3903 Apostolicam

300 3919 421 3994 Sedent
436 3942 498 4007 pro
514 3920 713 3987 celebrando
729 3922 872 3988 concilio
888 3920 982 4006 quod
999 3922 1071 4007 ipse
1093 3922 1187 4008 prius
1209 3923 1355 4007 petierat

301 4024 487 4104 0011000011,
502 4045 666 4123 perurere
681 4026 847 4104 venirent,
863 4025 928 4093 viis
942 4026 1008 4113 ipsi
1022 4034 1112 4093 terre
1132 4024 1174 4093 de
1196 4026 1356 4094 mandato
