3292 4809
403 633 541 683 aaaron
564 634 611 684 or
632 636 708 683 rna
730 633 976 685 rannoonmn
997 633 1202 683 armanore.
1287 616 1330 683 55

273 904 348 968 rur
375 905 495 969 emon
522 905 574 969 Ar
597 906 741 970 sarran
762 906 921 970 narcara
946 905 1118 969 cremar
1139 904 1206 968 vm
1232 905 1329 989 (ras,

751 1006 853 1085 1080).

623 1164 670 1227 [u.
682 1166 713 1214 e.
724 1166 765 1223 ra,
776 1166 826 1213 m.
838 1166 871 1213 11.
883 1164 973 1227 51qu

316 1322 420 1391 Anno
449 1323 637 1392 dominicae
667 1325 908 1391 incarnationis
932 1323 1029 1402 1080,
1051 1323 1221 1391 mediante
1246 1346 1331 1392 sere

272 1428 410 1495 nissimo
424 1450 504 1517 rege
521 1428 683 1495 Heinricc
699 1429 764 1495 IV.
779 1450 868 1495 anno
883 1430 978 1517 regni
993 1430 1066 1515 ejus
1081 1429 1134 1506 26,
1150 1428 1169 1495 7
1186 1429 1329 1495 Kalend.

272 1532 360 1599 tulii
377 1531 461 1599 feria
484 1532 515 1610 5,
537 1533 613 1598 Ind.
638 1534 669 1611 3,
692 1555 771 1599 eum
792 1533 884 1619 apud
907 1533 1085 1598 Brixinam
1106 1532 1265 1599 Noricam
1287 1533 1329 1597 30

272 1638 504 1723 episcoporum
518 1645 716 1715 conventus,
729 1658 792 1703 nec
808 1658 877 1702 non
889 1644 925 1703 et
936 1638 1138 1723 optimatum
1149 1637 1329 1714 exercitus,

273 1762 342 1806 non
357 1741 467 1807 solum
481 1741 600 1807 Italiae
616 1741 676 1807 sed
691 1748 727 1807 et
739 1740 951 1819 Germaniae,
961 1742 1057 1827 jussu
1078 1741 1172 1828 regio
1194 1762 1330 1829 congre-

271 1852 419 1932 garetur,
433 1843 524 1911 facta
546 1852 598 1911 est
620 1867 688 1912 vox
711 1867 780 1911 una
802 1845 900 1912 velut
920 1845 964 1911 ab
984 1867 1042 1912 ore
1064 1846 1215 1910 omnium
1238 1846 1331 1911 terri·

271 1948 385 2015 biliter
396 1951 676 2035 conquerentium
687 1971 789 2036 super
801 1950 996 2017 truculenta
1006 1951 1143 2017 vesania
1155 1948 1330 2035 cujusdam

273 2050 497 2118 Hildebrandi
510 2040 805 2140 pseudomonachi,
817 2053 973 2143 Gregorii
981 2074 1088 2140 papae
1103 2054 1239 2139 septimi
1254 2075 1330 2141 cog·
1444 2117 1446 2122 .

273 2156 448 2235 nominati,
461 2178 522 2223 cur
536 2164 606 2223 tam
622 2158 682 2223 diu
696 2159 804 2244 ipsam
819 2180 880 2224 rex
894 2179 1025 2245 semper
1038 2158 1187 2224 invictus
1201 2158 1330 2224 saevire

274 2267 448 2347 pateretur
463 2260 635 2340 intactam,
651 2282 728 2328 cum
744 2284 803 2329 vas
826 2264 1000 2329 electionis
1023 2262 1151 2328 Paulus
1174 2268 1330 2339 testetur,

273 2365 459 2451 principem
474 2387 542 2431 non
557 2367 630 2433 sine
647 2387 748 2433 causa
762 2366 850 2434 ferre
865 2365 1029 2456 gladium,
1044 2374 1080 2433 et
1095 2366 1219 2432 Petrus
1238 2387 1331 2452 apos·

274 2470 421 2535 telorum
445 2471 574 2556 primus
600 2492 670 2536 non
695 2472 805 2537 solum
832 2493 948 2559 regem
973 2471 1185 2558 praecellere,
1211 2492 1331 2537 verum

274 2572 378 2640 duces
400 2574 443 2640 ab
464 2595 503 2640 eo
525 2574 708 2641 mittendos
731 2597 813 2654 esse,
830 2577 963 2654 clamet,
980 2576 1023 2641 ad
1040 2574 1227 2642 vindictam
1241 2574 1332 2642 vide-

273 2678 356 2745 licet
377 2678 551 2756 malorum,
566 2678 611 2744 ad
633 2678 768 2746 laudem
786 2702 867 2746 vero
889 2680 1062 2747 bonorum.
1106 2679 1166 2744 Ad
1187 2700 1331 2765 quorum

274 2781 381 2870 igitur
402 2781 668 2850 satisfactionem
694 2785 806 2849 visum
828 2792 881 2851 est
909 2786 974 2871 ipsi
995 2784 1237 2872 gloriosissimo
1258 2783 1331 2871 regi

273 2885 548 2973 principibusque
579 2888 652 2973 ejus
676 2888 817 2975 justum,
841 2896 882 2954 ut
907 2887 1072 2975 judicium
1099 2888 1331 2974 episcoporum

274 2989 409 3057 divinae
432 2990 731 3058 animadversionis
754 2994 922 3058 sententia
947 2991 1101 3080 gladium
1125 2991 1331 3058 materialem

274 3094 311 3158 in
325 3094 437 3181 ipsum
452 3094 723 3161 Hildebrandum
737 3095 962 3182 praecederet,
977 3104 1018 3162 ut
1038 3117 1139 3182 quem
1161 3096 1331 3181 praesules

274 3198 491 3264 ecclesiarum
526 3200 619 3285 prius
656 3222 677 3265 a
705 3200 848 3286 superba
877 3200 1082 3287 praelatione
1115 3199 1331 3285 deponerent,

274 3301 421 3368 eundem
453 3302 669 3389 postmodum
700 3304 823 3391 regalis
853 3306 1007 3390 potentia
1036 3304 1194 3370 licentius
1224 3325 1333 3389 perse·

274 3404 449 3491 quendum
478 3406 684 3474 decerneret.
731 3408 817 3488 Quis
848 3430 929 3496 ergo
960 3408 1112 3474 fidelium
1143 3408 1203 3494 qui
1232 3407 1332 3471 illum

274 3510 381 3589 novit,
417 3509 644 3578 damnationis
678 3512 829 3599 jaculum
866 3521 984 3579 contra
1018 3513 1130 3599 ipsum
1164 3517 1333 3577 metueret

274 3613 479 3700 intorquere,
495 3616 555 3701 qui
570 3615 613 3681 ab
627 3616 766 3682 ineunte
781 3623 891 3683 aetate
910 3615 1038 3681 mundo
1060 3638 1095 3682 se
1118 3614 1252 3681 studuit
1273 3636 1333 3700 per

274 3717 408 3784 inanem
422 3718 562 3805 gloriam
577 3719 681 3786 nullis
692 3718 956 3808 suffragantibus
972 3721 1101 3787 meritis
1113 3741 1214 3805 supra
1229 3718 1333 3783 homi·

275 3842 354 3887 nem
387 3822 629 3902 commendare,
652 3831 688 3890 et
718 3825 848 3891 somnia
870 3832 907 3891 et
935 3823 1161 3891 divinationes
1183 3823 1331 3909 proprias

275 3933 312 3992 et
326 3926 468 3992 aliorum
483 3925 618 3993 divinae
635 3927 847 4015 dispositioni
861 3949 1076 4015 praeponere,
1088 3926 1206 3993 habitu
1221 3946 1333 3991 mona·

275 4028 359 4097 chus
381 4029 499 4111 videri,
521 4038 558 4098 et
581 4022 788 4119 professione
811 4054 882 4100 non
904 4053 976 4100 esse
999 4031 1245 4099 ecclesiasticae
1268 4030 1334 4104 dis*
