3292 4809
330 605 373 671 58
548 624 682 673 samer
703 625 911 675 murrum.
935 628 1166 679 noourmurs.

330 790 392 856 tibi
408 789 543 857 domino
559 813 632 858 meo
649 791 814 881 Gregorio
829 795 1014 861 universali
1028 818 1144 883 papae.
1189 799 1232 863 In
1243 801 1386 867 consilio

330 895 386 960 vel
407 893 511 973 facto,
529 895 619 961 unde
643 897 748 962 vitam
770 907 831 963 aut
853 899 1038 965 membrum
1059 902 1179 987 perdas
1194 904 1250 970 vel
1265 912 1385 990 captus

329 999 374 1064 sis
396 1000 485 1064 mala
507 1001 671 1085 captione,
687 1023 754 1066 non
770 1023 837 1068 ero.
884 1002 1082 1083 Consilium,
1100 1005 1193 1092 quod
1213 1008 1297 1072 mihi
1318 1031 1386 1075 cre·

330 1102 464 1181 dideris‚
480 1111 516 1169 et
530 1105 774 1172 contradixeris
789 1128 832 1173 ne
847 1108 935 1173 illud
949 1108 1173 1188 manifestem,
1191 1132 1260 1177 nou
1282 1114 1387 1179 mani-

328 1204 458 1273 festabo
472 1207 517 1272 ad
531 1216 630 1274 tuum
645 1209 804 1276 damnum
818 1232 872 1278 me
886 1212 1025 1278 sciente.
1056 1212 1199 1279 Sanctae
1210 1213 1382 1281 Romanae

329 1312 506 1377 aecclesiae
522 1312 652 1399 tibique
667 1314 802 1401 adjutor
816 1338 872 1381 ero
887 1315 931 1381 ad
945 1316 1131 1382 tenendum
1140 1318 1384 1403 acquirendum

329 1423 365 1482 et
378 1416 629 1483 defendendum
643 1419 770 1505 regalia
780 1421 889 1487 saneti
901 1420 996 1486 Petri
1007 1421 1147 1507 ejusque
1158 1422 1384 1508 possessiones

328 1543 389 1607 pro
412 1543 487 1587 meo
509 1544 605 1608 posse
629 1531 746 1589 contra
768 1545 884 1590 omnes
906 1524 1261 1611 homines-excepta
1286 1534 1383 1612 parte

329 1626 506 1692 Firmanae
522 1628 687 1693 marchiae
703 1635 739 1694 et
754 1626 893 1694 Salerno
904 1636 1008 1714 atque
1021 1628 1157 1706 Amalfi,
1169 1629 1261 1694 unde
1272 1629 1384 1695 adhuc

328 1728 419 1795 facta
440 1751 509 1796 non
531 1738 583 1797 cst
613 1731 867 1809 difinitio-et
888 1732 1056 1819 adjuvabo
1077 1741 1124 1810 te,
1146 1740 1189 1798 ut
1208 1754 1326 1799 secure
1349 1741 1385 1800 et

327 1834 510 1900 honorifice
535 1841 650 1900 teneas
673 1840 835 1919 papatum
861 1832 1062 1899 Romanum.
1111 1834 1253 1900 Terram
1275 1835 1385 1900 sancti

329 1937 433 2016 Petri,
450 1959 552 2022 quam
573 1958 665 2002 nunc
687 1944 782 2003 tenes
798 1937 855 2003 vel
869 1937 1047 2003 habiturus
1067 1959 1113 2016 es,
1128 1945 1307 2024 postquam
1323 1939 1385 2004 sci·

328 2064 407 2108 vero
434 2048 513 2107 tuae
539 2063 610 2107 esse
633 2042 819 2126 potestatis,
844 2062 906 2107 nec
927 2040 1087 2107 invadere
1117 2063 1180 2107 neo
1205 2042 1383 2128 adquirere

328 2167 486 2232 quaeram
508 2166 570 2211 nec
593 2146 695 2212 etiam
719 2144 915 2231 depraedari
936 2166 1144 2231 praesumam
1170 2145 1296 2231 absque
1322 2152 1383 2211 tua

328 2257 532 2336 tuorumque
562 2272 804 2328 successorum,
829 2249 889 2335 qui
910 2249 955 2314 ad
976 2250 1136 2316 honorem
1158 2250 1266 2315 sancti
1289 2249 1383 2315 Petri

329 2354 476 2421 ordinati
498 2352 637 2432 fuerint,
661 2360 752 2420 certa
774 2354 923 2432 licentia,
945 2361 1079 2439 praeter
1100 2354 1196 2419 illam
1218 2374 1321 2439 quam
1342 2360 1383 2419 tu

328 2460 429 2526 michi
445 2459 606 2526 concedes
618 2458 674 2525 vel
689 2458 741 2523 tui
757 2458 950 2523 concessuri
961 2465 1043 2524 sunt
1053 2478 1269 2523 successores
1298 2457 1384 2522 Pen-

327 2565 456 2630 sionem
471 2563 512 2630 de
531 2571 619 2630 terra
633 2563 741 2628 sancti
757 2562 861 2639 Petri,
878 2583 980 2647 quam
995 2583 1059 2648 ego
1070 2569 1168 2627 teneo
1180 2568 1240 2627 aut
1251 2561 1382 2638 tenebo,

327 2668 417 2734 sicut
431 2675 598 2734 statutum
613 2674 675 2744 est,
687 2674 779 2733 recta
789 2666 855 2732 fide
870 2664 1024 2743 studebo,
1037 2672 1078 2731 ut
1087 2666 1182 2730 illam
1193 2665 1384 2731 annualiter

327 2779 442 2838 sancta
458 2773 608 2837 Romana
629 2770 751 2836 habeat
766 2769 917 2836 ecclesia.
964 2769 1091 2835 Omnes
1108 2790 1245 2855 quoque
1260 2768 1384 2835 aeccle·

328 2877 403 2953 sias,
427 2898 513 2962 quae
536 2877 573 2940 in
595 2897 670 2941 mea
691 2875 879 2960 persistunt
901 2873 1139 2951 dominatione,
1163 2894 1241 2939 eum
1267 2893 1383 2938 earum

327 2979 590 3066 possessionibus
612 2980 781 3045 dimittam
803 2979 840 3042 in
862 2985 922 3043 tua
944 2983 1131 3063 potestate3
1161 2983 1197 3042 et
1227 2975 1383 3042 defensor

328 3106 385 3149 ero
400 3084 535 3149 illarum
557 3082 602 3149 ad
623 3083 822 3148 fidelitatem
845 3088 980 3147 sanctae
1003 3081 1174 3147 Romanae
1189 3081 1382 3147 aecclesiae.

328 3188 375 3254 Et
389 3188 418 3253 si
434 3195 473 3253 tu
488 3187 543 3253 vel
558 3188 610 3252 tui
625 3207 832 3252 successores
855 3193 934 3251 ante
957 3207 1010 3251 me
1033 3206 1078 3250 ex
1099 3185 1163 3251 hac
1178 3185 1251 3251 vita
1265 3185 1384 3271 migra-

327 3291 454 3368 veritis,
470 3289 656 3357 secundum
672 3289 764 3377 quod
778 3290 928 3355 monitus
943 3288 1042 3355 fuero
1063 3311 1083 3354 a
1105 3287 1297 3355 melioribus
1315 3309 1385 3353 car-

328 3395 506 3473 dinalibus,
529 3396 658 3462 clericis
681 3394 840 3460 Romanis
863 3400 899 3459 et
920 3394 1026 3471 laicis,
1049 3391 1226 3479 adjuvabo,
1241 3398 1283 3457 ut
1296 3412 1383 3477 papa

328 3487 474 3587 eligatur
500 3505 535 3565 et
564 3498 738 3564 ordinetur
760 3497 804 3563 ad
825 3498 986 3563 honorem
1008 3497 1116 3562 sancti
1138 3495 1242 3561 Petri.
1288 3494 1382 3560 Haec

328 3605 439 3669 omnia
454 3624 554 3690 supra
568 3603 691 3687 scripta
706 3600 889 3668 observabo
906 3608 1042 3666 sanotae
1066 3601 1236 3665 Romanae
1258 3599 1384 3665 aeccle·

327 3709 395 3775 siae
418 3714 454 3773 et
475 3707 537 3773 tibi
558 3728 636 3772 cum
650 3713 743 3772 recta
757 3704 834 3771 fide.
880 3704 927 3770 Et
948 3704 1035 3769 hanc
1058 3702 1256 3770 fidelitatem
1277 3701 1384 3768 obser·

328 3812 413 3878 vabo
428 3812 496 3876 tuis
511 3809 767 3887 successoribus,
783 3808 827 3873 ad
841 3808 1003 3874 honorem
1017 3808 1127 3873 saneti
1143 3806 1237 3873 Petri
1253 3805 1383 3871 ordina·

327 3916 382 3993 tis,
399 3916 458 4002 qui
473 3915 575 3981 michi
596 3915 626 3980 si
648 3934 721 3980 mea
741 3914 843 3998 culpa
865 3933 933 3977 non
956 3912 1160 3989 remanserit,
1177 3911 1384 3976 firmaverint

327 4019 563 4087 investituram
577 4038 597 4083 a
612 4024 646 4084 te
662 4016 745 4081 mihi
760 4036 961 4082 concessam.
1010 4014 1084 4102 [Sic
1101 4036 1154 4081 me
1175 4014 1270 4079 Deus
1290 4011 1385 4100 adju·
