3292 4809
537 615 613 665 nrm
634 615 938 666 nonnnsrsurnn
958 617 1106 665 rnaron.
1285 599 1349 666 141

294 786 403 853 sentia
418 806 607 871 corporum,
622 775 788 852 mentium
809 788 971 853 serenitas
989 788 1119 874 gratius
1140 794 1349 873 sequeretur,

294 890 402 975 primo
418 887 621 975 Septembris
637 890 854 976 apostolicam
875 890 990 957 sedem
1012 891 1179 957 adivimus
1201 897 1237 956 et
1258 911 1351 956 sanc·

294 993 462 1059 tissimum
481 1000 612 1080 patrem
627 992 801 1059 dominum
818 994 1023 1081 Gregorium
1045 994 1111 1060 Dei
1132 996 1242 1083 gratia
1262 1016 1351 1060 sum·

294 1119 387 1163 mum
412 1097 606 1184 pontificem
632 1097 779 1164 vidimus
809 1105 1009 1164 reverenter.
1070 1098 1140 1179 Qui
1169 1098 1348 1166 affcctione

259 1224 264 1239 ¹
293 1208 433 1288 paterna
461 1223 522 1268 nos
552 1202 726 1288 recipiens,
750 1208 786 1268 et
813 1223 896 1289 pace
927 1202 1080 1269 cordium
1108 1204 1211 1270 saeris
1242 1203 1349 1269 oculis

293 1303 454 1384 federeta,
473 1312 543 1371 tam
565 1305 736 1384 benevole,
761 1313 831 1371 tam
852 1306 997 1395 benigne
1020 1309 1230 1398 propositum
1252 1307 1349 1375 nobis

293 1431 354 1476 sue
378 1410 576 1476 intentionis
599 1411 732 1496 aperuit
756 1410 797 1476 de
828 1411 911 1497 ipsis
940 1433 1007 1498 que
1036 1420 1276 1499 precesserant,
1298 1413 1349 1477 nil

294 1514 464 1591 omittens,
480 1522 516 1580 et
530 1515 665 1603 singula
684 1536 901 1602 prosequens
914 1514 1082 1582 evidentis
1103 1514 1231 1602 judicio
1253 1518 1349 1581 ratio

293 1618 357 1696 nis,
373 1618 465 1704 quod
482 1619 547 1684 etsi
565 1640 626 1684 nos
644 1617 827 1705 precedens
843 1639 944 1685 csrrss
958 1620 1185 1699 commoverit,
1201 1620 1256 1686 vel
1277 1642 1350 1685 ran·

294 1743 405 1788 corem
419 1724 569 1808 potuerit
584 1722 732 1809 aliquem
747 1724 912 1802 attulisse,
924 1724 972 1789 sic
988 1722 1234 1802 benevolentia,
1246 1745 1349 1810 quam

294 1828 517 1912 persensimus
537 1827 574 1891 in
592 1826 720 1906 eodem,
736 1848 869 1892 omnem
890 1834 1021 1892 motum
1042 1827 1164 1894 lenivit
1184 1828 1299 1905 animi,
1315 1835 1350 1894 et

294 1937 441 1995 nostram
453 1937 564 1996 amoto
576 1952 712 1997 rancore
724 1931 893 1996 serenavit
904 1930 988 1997 sdeo
999 1932 1222 2009 voluntatem,
1231 1939 1348 1997 utnon

294 2033 438 2100 velimus
449 2028 594 2101 ulterius
608 2026 770 2121 preterita
784 2036 1051 2122 memoremque
1066 2036 1247 2102 necessitas
1262 2035 1350 2100 intu·
1395 2059 1397 2063 ·

294 2137 347 2216 lit,
362 2145 402 2203 ut
416 2138 526 2205 virtus
541 2160 585 2205 ex
599 2139 797 2205 necessitate
812 2138 970 2224 prodiens
990 2145 1185 2224 operaretur
1205 2140 1349 2226 gratiam

294 2241 500 2328 ampliorem.
555 2242 757 2308 Remisimus
782 2250 897 2308 autem
920 2243 1113 2329 specialiter
1136 2243 1290 2332 singulis,
1314 2251 1350 2309 et

293 2346 498 2433 generaliter
517 2346 695 2424 universis,
710 2348 771 2432 qui
793 2355 911 2413 contra
932 2368 993 2412 nos
1016 2347 1097 2411 olim
1118 2368 1249 2413 summo
1271 2369 1350 2433 pon·

294 2450 376 2515 tifici
391 2449 606 2528 adheserunt,
623 2457 658 2515 et
675 2451 711 2514 in
728 2451 770 2516 iis
785 2458 821 2516 et
835 2451 911 2515 aliis
926 2472 992 2536 que
1007 2449 1071 2516 sibi
1085 2458 1184 2538 grata
1198 2450 1348 2529 fuerunt,

294 2554 476 2639 apostolice
499 2553 798 2620 condescendimus
818 2554 1007 2631 voluntati3
1029 2553 1190 2621 habentes
1213 2576 1292 2621 eum
1313 2556 1349 2621 in

295 2658 387 2722 omni
408 2658 693 2743 reverentiaque
715 2657 778 2724 sibi
800 2666 964 2744 tanquam
985 2659 1086 2724 unico
1109 2665 1144 2724 et
1165 2659 1349 2725 universali

295 2762 382 2847 patri
404 2768 569 2839 tenemur,
586 2769 621 2827 et
642 2784 702 2827 nos
725 2762 756 2828 ei
778 2784 839 2848 pro
861 2761 986 2829 devoto
1009 2763 1148 2830 ecclesie
1169 2763 1239 2829 filio
1258 2763 1351 2829 exhi·

295 2864 422 2931 bentes·
441 2865 479 2931 in
509 2887 548 2931 eo
578 2866 716 2932 vinculo
746 2866 932 2945 charitatis,
960 2888 1029 2953 quo
1058 2865 1284 2933 sacerdotium
1314 2875 1350 2934 et

295 2969 473 3055 imperium
499 2969 543 3035 ad
569 2971 714 3037 invicem
739 2977 821 3036 sunt
847 2971 1037 3057 conjuncta.
1091 2969 1200 3057 Super
1225 2970 1349 3058 quibus

295 3073 450 3139 omnibus
473 3075 554 3160 quia
575 3096 636 3141 vos
658 3074 813 3160 cupimus
836 3083 1027 3140 nostrorum
1051 3096 1123 3141 esse
1152 3076 1350 3161 participem

295 3176 507 3265 gaudiorum,
520 3177 736 3245 dilectionem
751 3185 898 3246 vestram
913 3179 1012 3264 plene
1029 3186 1155 3245 certam
1170 3177 1242 3244 fieri
1257 3180 1351 3245 volu·

295 3302 371 3348 mus
386 3288 422 3348 et
436 3282 632 3369 jocundum.

754 3417 893 3446 -οοο-

207 3690 209 3695 ,
319 3601 414 3665 mer
439 3600 804 3667 excommunes
832 3603 877 3665 or
903 3600 1114 3665 rammror
1140 3601 1182 3665 n
1211 3598 1327 3684 (uec).

722 3765 814 3826 [n.-e.‚
825 3767 857 3814 v.
865 3764 927 3825 aas]

341 3905 690 3974 Encommunicamus¹
717 3916 752 3974 et
788 3907 1109 3973 anathematizamus
1149 3906 1352 3974 auctoritate

298 4011 408 4079 Patris
427 4021 462 4079 et
484 4013 564 4079 Filii
587 4021 623 4079 et
645 4012 793 4109 Spiritus
814 4010 931 4077 Sancti
954 4019 990 4078 et
1011 4011 1187 4077 beatorum
1209 4011 1353 4098 Aposto
