3292 4809
555 610 630 657 run
651 608 772 658 ennon
793 610 840 658 or
862 607 1085 659 conscensu.
1282 593 1346 661 163

329 776 372 831 De
384 775 512 830 Mutina:
531 775 648 831 Arlotus
659 775 758 847 judex,
772 775 931 847 Raynerius
943 776 978 831 de
990 775 1199 832 Buccabadata

329 863 372 918 De
384 862 491 934 Regio:
511 862 646 917 Albertus
667 862 833 929 cambiatur,
847 863 994 918 Rolandus
1006 864 1041 917 de
1054 863 1189 919 Caritate.

329 951 372 1004 De
392 950 508 1004 Parma:
527 949 652 1005 Jacobus
673 949 751 1004 Petri
769 950 873 1017 Baras,
891 950 1093 1006 Maladobatus
1110 951 1208 1024 judex,
1227 950 1349 1008 Vetulue

293 1038 390 1110 judex,
404 1036 550 1092 Conradus
562 1036 691 1091 Bulzoni.

329 1125 373 1179 De
392 1123 504 1179 Laude:
533 1124 682 1179 vicentius
700 1125 736 1179 de
751 1123 913 1196 Fussiraga,
934 1125 1088 1181 Anselmns
1105 1126 1142 1181 de
1161 1126 1349 1199 Summaripe,

294 1210 475 1266 Manifredus
487 1211 523 1266 de
535 1212 675 1267 soltarico.

330 1300 373 1353 De
385 1297 526 1354 Novario:
546 1298 635 1370 Opizo
653 1298 689 1353 de
706 1298 991 1365 Briona,.'lhedisius
1009 1299 1195 1368 Caballatius,
1208 1300 1295 1358 Wido
1312 1302 1349 1359 de

294 1386 486 1457 Boniprando.

330 1476 373 1528 De
385 1473 536 1529 Vercellis:
554 1473 688 1528 Meardus
700 1476 730 1528 et
742 1474 928 1530 Vercellinus

330 1562 393 1616 Hae
411 1566 479 1616 sunt
495 1561 623 1616 civitates
641 1565 671 1616 et
689 1562 758 1629 loca,
776 1579 849 1633 quae
869 1580 968 1634 pacem
985 1563 1188 1635 praescriptam
1204 1563 1257 1619 snb
1275 1565 1350 1636 jura·

294 1654 391 1704 mento
403 1648 627 1705 Lombardorum
641 1648 789 1705 nobiscum
800 1654 966 1721 receperunt
978 1654 1008 1705 et
1019 1652 1118 1706 eadem
1131 1668 1183 1723 pro
1194 1668 1225 1707 se
1241 1654 1350 1724 jurave·

293 1742 378 1792 runt:
409 1738 506 1809 Papia,
531 1736 678 1804 Cremona,
703 1737 801 1804 Cuma,
827 1737 966 1805 Terdona,
991 1739 1072 1805 Asta,
1096 1738 1224 1805 Cesarea,
1244 1740 1351 1806 danna,

295 1825 371 1880 Alba
382 1828 412 1879 et
425 1825 496 1879 aliae
508 1824 637 1880 civitates
651 1828 681 1880 et
695 1826 757 1880 loca
774 1828 803 1881 et
820 1842 965 1897 personae,
978 1842 1033 1896 que
1050 1829 1118 1880 sunt
1135 1829 1165 1881 et
1181 1825 1301 1883 inerunt
1313 1843 1350 1881 ex

294 1916 374 1984 parte
386 1916 493 1968 nostra.
1294 1901 1297 1905 ’

306 2000 408 2080 ὓΗειειο
420 2002 487 2054 sunt
499 1999 617 2054 nomina
633 1999 782 2055 consulum
799 2002 829 2053 et
846 1999 1022 2066 nuntiorum,
1034 1999 1085 2071 qni
1102 2000 1303 2055 investituram
1320 2003 1349 2056 et

294 2088 458 2143 consulatus
477 2104 495 2142 a
514 2086 598 2143 nobis
616 2087 734 2142 nomina
752 2087 903 2142 civitatum
923 2090 1105 2158 receperunt:
1131 2087 1167 2142 de
1185 2087 1350 2144 Mediolano

296 2174 453 2240 ridebatur,
466 2175 502 2228 de
515 2174 661 2229 Placentia
674 2174 815 2229 Gerendus
829 2174 997 2241 Arditionis,
1010 2174 1046 2229 de
1058 2174 1156 2229 Laude
1168 2174 1348 2240 Vincentius,

295 2264 331 2319 de
343 2264 457 2318 Verona
470 2262 580 2326 Cozius,
595 2262 629 2316 de
642 2260 776 2316 Vicentia
791 2261 894 2329 Pileus,
906 2261 942 2316 de
960 2261 1058 2316 Padua
1076 2261 1193 2329 Fanins,
1206 2263 1242 2316 de
1254 2261 1352 2317 Tarvi-

295 2352 338 2406 sio
356 2350 475 2416 Florius,
494 2351 530 2404 de
548 2350 671 2404 Mantua
683 2348 903 2415 Alexandrinus,
921 2349 957 2404 de
975 2347 1114 2403 Faventia
1131 2349 1301 2417 Bernartius,
1314 2349 1350 2405 de

295 2438 427 2493 Bononia
443 2436 616 2502 Antoninus,
629 2436 664 2490 de
688 2436 803 2491 Mutina
822 2437 950 2501 Arlotus‚
970 2436 1007 2491 de
1028 2436 1118 2507 Regio
1139 2436 1295 2503 Rolandus,
1314 2437 1351 2492 de

295 2525 399 2579 Parma
406 2524 426 2579 J
427 2523 531 2579 acobus
543 2523 621 2578 Petri
632 2524 717 2591 Bane,
728 2524 762 2578 de
772 2523 899 2579 Novaria
908 2522 1006 2596 Opino,
1016 2522 1051 2579 de
1059 2522 1198 2579 Vercellis
1206 2523 1350 2591 Meardns,

295 2612 331 2667 de
344 2612 481 2682 Pergamo
494 2612 565 2666 Atto
575 2610 717 2666 Ficianus.

332 2698 452 2769 Signum
464 2698 574 2753 domini
587 2698 726 2753 Friderici
741 2698 788 2771 (L.
798 2698 854 2771 Μ.)
867 2698 1063 2755 Romanorum
1074 2698 1253 2771 imperatoris
1265 2697 1351 2754 invic-

295 2784 408 2839 tissimi.

331 2872 392 2943 Ego
417 2870 589 2927 Godeiridus
619 2871 774 2943 imperialis
798 2873 879 2929 anlae
903 2872 1087 2928 cancellarius
1110 2872 1172 2929 rice
1194 2872 1350 2929 Christiani

295 2958 483 3029 Magantinae
501 2958 575 3013 sedis
595 2959 797 3031 archiepiscopi
815 2963 845 3014 et
864 2959 1101 3015 archicancellarii
1120 2959 1278 3033 recognovi.

332 3048 406 3101 Acta
426 3049 493 3100 sunt
511 3044 580 3101 haec
601 3064 677 3101 anno
695 3046 853 3101 dominicas
872 3047 1077 3102 incarnationis
1097 3048 1174 3114 1183,
1193 3046 1351 3104 indictione

296 3133 396 3204 prima,
408 3136 545 3205 regnante
558 3133 674 3197 domino
689 3133 833 3189 Friderico
852 3134 1047 3190 Romanorum
1063 3134 1233 3206 imperatore
1251 3134 1351 3206 glorio·

296 3220 416 3287 sissimo,
430 3237 505 3276 anno
517 3220 598 3291 regni
610 3222 671 3292 ejus
684 3221 727 3287 32,
739 3220 853 3291 imperii
865 3238 930 3276 vero
942 3222 986 3276 29.

331 3309 408 3364 Data
419 3307 495 3379 apud
508 3306 706 3362 Constantiam
718 3307 748 3361 in
760 3308 881 3363 solemni
892 3307 972 3364 curia
982 3309 1008 3364 7.
1020 3307 1164 3364 Kalendas
1175 3307 1256 3364 Julii.
