3292 4809
535 624 611 672 run
633 620 936 673 nonnssrsvrmv
957 622 1104 673 aaaron.
1283 606 1347 675 131

294 796 391 864 velut
415 792 629 861 effeminatus
653 792 868 878 mancipavit,
891 790 1063 879 predictus
1086 814 1174 880 papa
1196 814 1350 880 proceres

295 922 379 987 quos
405 900 500 986 prius
524 899 689 965 sustinuit
715 904 751 963 et
774 897 992 975 excitaverat,
1018 899 1205 983 postposito
1231 899 1350 964 mundi

294 1004 422 1091 pudore
444 1004 649 1088 Dominique
672 1002 802 1079 timore,
823 1000 1037 1067 conculcavit
1058 1003 1159 1067 mo1ti
1180 1003 1351 1089 expositos

295 1117 330 1176 et
345 1107 579 1175 miserabiliter
594 1105 847 1173 exheredandos
862 1096 903 1171 ut
920 1126 1010 1172 more
1033 1127 1170 1172 romano
1192 1114 1350 1192 protervo

294 1214 391 1280 hiatu
417 1211 510 1299 quod
535 1212 696 1299 pinguius
723 1218 804 1288 erat,
828 1210 914 1297 proh
935 1209 1051 1276 datori
1081 1210 1291 1289 absorberet3
1315 1218 1351 1280 et

237 1395 239 1399 ¹
295 1318 424 1385 iactum
439 1324 492 1384 est
506 1316 599 1403 quod
613 1316 775 1381 incitante
791 1315 1018 1380 Romanorum
1033 1316 1175 1380 aventis
1196 1317 1351 1402 princeps

295 1422 544 1509 provinciarum
558 1420 650 1487 facta
665 1428 717 1487 est
731 1419 795 1485 sub
810 1419 946 1486 tributo.
994 1419 1083 1486 Ecce
1103 1440 1211 1487 mores
1234 1421 1352 1486 Roma·

245 1583 248 1588 .
295 1548 426 1603 norum,
442 1547 518 1592 ecce
533 1525 646 1612 laquei
660 1525 868 1611 prelatorum
888 1523 1011 1610 quibus
1033 1524 1208 1590 universos
1231 1532 1266 1590 et
1287 1526 1353 1590 sin·

296 1632 394 1719 gulos
423 1637 572 1717 querunt
601 1630 795 1715 illaqueare,
825 1649 981 1695 nummos
1011 1650 1203 1718 emungere,
1229 1629 1351 1696 liberos

295 1732 488 1818 subjugare,
503 1731 660 1817 pacificos
683 1731 885 1816 inquietare,
902 1732 939 1795 in
961 1731 1115 1798 vestibus
1138 1732 1253 1797 ovium
1277 1752 1351 1796 cum

296 1837 366 1901 sint
387 1836 591 1901 intrinsecus
614 1836 689 1921 lupi
710 1855 868 1919 rapaces3
894 1835 1025 1921 legatos
1043 1834 1110 1900 huo
1128 1845 1163 1900 et
1178 1835 1260 1900 illuc
1275 1835 1353 1899 mit·

295 1945 417 2017 tentes,
441 1939 743 2017 excommunicare,
766 1937 983 2023 suspendere,
1005 1939 1127 2023 punire
1149 1945 1352 2022 potestatem

298 2038 468 2117 habentes,
493 2059 562 2103 non
585 2044 625 2104 ut
648 2059 773 2116 semen,
797 2036 834 2102 id
856 2045 908 2103 est
929 2038 1070 2104 verbum
1092 2039 1167 2117 Dei,
1186 2041 1354 2106 seminent

297 2142 581 2221 huctificandum,
596 2142 656 2208 sed
676 2150 717 2209 ut
737 2144 918 2228 pecuniam
940 2151 1175 2229 extorqueant,
1192 2145 1354 2232 colligant

298 2253 333 2314 et
356 2254 486 2313 metant
509 2268 576 2333 que
599 2268 776 2333 nunquam
797 2248 1059 2314 seminaverunt.
1106 2247 1229 2335 Sicque
1252 2249 1291 2314 fit
1313 2256 1355 2314 ut

297 2352 454 2418 ecclesias
469 2372 589 2430 sacras,
604 2374 790 2437 pauperum
805 2352 948 2440 refugia,
959 2361 1149 2419 sanctorum
1165 2354 1354 2419 mansiones

298 2458 461 2545 diripiant
484 2480 567 2543 quas
594 2459 642 2545 pii
664 2479 703 2524 ac
729 2459 898 2544 simplices
924 2465 1035 2544 patres
1062 2460 1169 2525 nostri
1193 2460 1230 2523 in
1252 2459 1356 2525 refec-

298 2563 425 2628 tionem
440 2584 626 2648 pauperum
641 2584 679 2629 ac
694 2564 950 2652 peregrinorum
973 2570 1009 2630 et
1030 2563 1262 2653 religiosorum
1285 2585 1355 2629 sus·

298 2668 520 2734 tentationem
545 2666 744 2747 fundarunt,
770 2675 806 2734 et
835 2689 926 2734 nunc
955 2668 999 2734 ad
1024 2669 1164 2754 imperia
1190 2676 1226 2736 et
1250 2689 1356 2756 regna

300 2771 482 2861 degeneres
497 2779 533 2839 et
546 2773 721 2860 ignobiles,
735 2795 819 2859 quos
835 2774 904 2840 sole
920 2774 1032 2840 littere
1049 2773 1182 2839 faciunt
1196 2773 1354 2852 insanire,

299 2898 385 2943 ausu
413 2878 590 2943 temerario
620 2877 833 2944 contendunt
862 2877 1029 2944 anhelare.
1084 2878 1127 2942 In
1155 2885 1355 2965 paupertate

300 2981 436 3068 quidem
452 2989 488 3048 et
502 2982 717 3070 simplicitate
740 2982 884 3049 fundata
905 2991 978 3049 erat
1001 2984 1154 3049 Ecclesia
1175 2983 1355 3070 primitiva,

299 3107 377 3153 cum
406 3092 541 3153 sanctos
571 3109 656 3173 quos
688 3089 861 3175 catalogus
890 3096 1083 3155 sanctorum
1117 3093 1357 3154 commemorat

299 3189 445 3257 fecunda
456 3192 654 3277 parturiret:
671 3191 732 3258 sed
747 3191 842 3258 aliud
856 3191 1117 3259 fundamentum
1131 3214 1230 3258 nemo
1244 3198 1357 3278 potest

299 3316 423 3381 ponere
437 3301 550 3380 preter
565 3294 653 3361 illud
668 3295 760 3381 quod
774 3297 924 3382 positum
941 3304 992 3362 est
1007 3318 1027 3362 a
1041 3297 1188 3362 Domino
1212 3296 1234 3361 J
1235 3318 1296 3362 esu
1318 3317 1356 3362 ac

300 3400 511 3467 stabilitum.l
555 3401 660 3468 Porro
675 3403 756 3489 quia
771 3403 807 3468 in
831 3403 960 3470 divitiis
982 3405 1155 3491 navigant,
1170 3405 1206 3470 in
1228 3403 1356 3471 divitiis

300 3506 511 3583 volutantur,
537 3505 574 3571 in
602 3506 731 3573 divitiis
761 3506 929 3585 edificant,
960 3507 1148 3574 timendum
1176 3529 1219 3574 ne
1249 3507 1357 3594 paries

300 3608 484 3675 inclinetur
498 3604 659 3689 Ecclesie,
674 3633 717 3677 ne
734 3612 877 3677 maceria
896 3611 1038 3698 depulsa
1059 3612 1157 3677 ruina
1179 3610 1359 3697 subsequa·

301 3719 367 3778 tur.
413 3710 455 3777 In
484 3734 546 3780 nos
576 3715 688 3793 etiam,
719 3716 817 3781 novit
845 3722 1013 3782 scrutator
1042 3716 1201 3793 omnium,
1231 3715 1357 3801 injuste

302 3814 552 3884 debacchantur
574 3818 724 3885 dicentes
747 3841 809 3885 nos
834 3819 926 3887 nolle
951 3819 1103 3886 terminis
1126 3818 1357 3885 transfretasse

346 3970 447 4023 1Η.-Β.
460 3972 529 4024 calls
541 3974 680 4024 attention
692 3977 723 4024 to
734 3974 782 4025 the
795 3974 857 4025 fact
867 3974 931 4025 that
946 3975 1098 4026 Frederlck
1115 3973 1197 4025 often
1214 3985 1311 4025 recurs
1327 3976 1360 4024 to

304 4052 361 4106 tbls
373 4053 503 4122 thought,
513 4054 663 4122 especially
672 4054 749 4107 atter
760 4054 805 4106 his
816 4056 977 4121 deposition
988 4056 1024 4123 by
1033 4056 1082 4108 the
1093 4055 1245 4108 coancilot
1257 4056 1359 4122 Lycas
