3292 4809
514 631 589 679 run
610 628 916 679 uouuusrauruu
937 630 1081 679 rumor).
1263 613 1326 678 123

268 802 425 867 ,concutit
447 801 574 866 viscera
598 805 633 864 et
654 798 743 863 latus
765 798 930 864 dilacerat
951 800 1066 863 matris
1088 820 1159 865 sue.
1205 797 1327 885 Sicque

274 905 354 970 foris
378 926 502 992 pugne,
527 905 619 968 intus
644 904 798 967 timores:
831 910 928 968 extra
951 903 1113 969 interficit
1135 903 1268 990 gladius
1293 911 1329 969 et

275 1008 365 1073 domi
389 1030 477 1073 mors
501 1007 619 1072 similis
643 1007 852 1082 intentatum
885 1006 991 1091 fitque
1015 1006 1212 1092 frequenter
1235 1008 1328 1092 quod

275 1112 402 1177 Christi
436 1112 587 1177 Ecclesia
616 1118 669 1175 tot
697 1111 864 1197 angustiis
892 1110 1097 1196 perturbata,
1127 1110 1209 1175 dum
1238 1113 1327 1178 alere

275 1216 381 1283 credit
399 1216 496 1294 filios,
513 1216 622 1280 nutrit
643 1216 679 1278 in
701 1215 779 1279 sinu
801 1215 926 1301 ignem,
941 1222 1113 1300 serpentes
1136 1223 1172 1281 et
1193 1216 1328 1303 regulos

275 1322 334 1406 qui
350 1320 444 1397 flatu,
456 1341 579 1397 morsu,
590 1318 746 1383 incendio
759 1326 883 1382 cuncta
894 1325 1024 1383 vastare
1037 1320 1206 1384 nituntur.
1236 1319 1327 1385 Huic

275 1431 327 1489 est
342 1423 435 1509 quod
449 1422 493 1488 ad
507 1430 655 1487 monstra
669 1420 863 1507 hujusmodi
878 1421 1073 1506 perimenda
1088 1430 1124 1487 et
1135 1444 1329 1511 expugnan-

275 1528 334 1593 das
353 1529 440 1593 acies
462 1528 623 1604 inimicas,
638 1525 682 1590 ad
704 1532 944 1611 tempestatum
965 1526 1220 1610 inquietudines
1242 1528 1330 1591 miti·

274 1631 411 1719 gandae,
441 1631 624 1717 apostolica
656 1628 752 1694 sedes
789 1629 842 1693 his
879 1629 1084 1715 temporibus
1114 1652 1192 1695 cum
1221 1632 1329 1695 multa

275 1734 453 1821 diligentia
483 1733 661 1820 quemdam
695 1734 843 1798 nutrivit
878 1734 1065 1810 alumnum,
1095 1734 1329 1819 imperatorem

275 1838 436 1905 videlicet
458 1838 676 1915 Fridericum,
693 1859 794 1922 quem
818 1837 918 1922 quasi
940 1858 960 1901 a
982 1838 1097 1902 matris
1121 1846 1219 1903 utero
1237 1860 1330 1904 exce·

275 1944 328 2028 pit
356 1941 508 2030 genibus,
538 1942 679 2007 lactavit
708 1939 876 2018 uberibus,
906 1940 1053 2005 humeris
1082 1940 1257 2027 bajulavit,
1287 1941 1329 2007 de

277 2047 429 2112 manibus
460 2047 674 2132 querentium
703 2046 849 2110 animam
875 2045 947 2130 ejus
973 2044 1170 2129 frequenter
1195 2047 1329 2131 eripuit,

276 2150 418 2217 educare
439 2151 572 2216 studuit
593 2150 710 2214 multis
733 2148 902 2215 laboribus
925 2156 961 2214 et
982 2150 1149 2234 expensis,
1164 2171 1271 2234 usque
1287 2149 1331 2214 ad

277 2256 389 2320 virum
410 2254 599 2340 perlectum
621 2253 773 2331 deduxit,
796 2253 841 2317 ad
862 2254 954 2339 regie
977 2252 1154 2338 dignitatis
1177 2252 1331 2319 decorem

277 2366 312 2424 et
335 2357 473 2424 tandem
496 2358 541 2422 ad
565 2357 741 2444 fastigium
766 2357 923 2421 culminis
954 2357 1135 2441 imperialis
1165 2358 1331 2442 provexit,

277 2461 417 2528 credens
439 2463 550 2547 ipsum
571 2460 643 2526 fore
660 2459 865 2525 defensionis
882 2461 1012 2548 virgam
1035 2468 1070 2525 et
1091 2482 1152 2525 sue
1173 2460 1331 2526 baculum

277 2567 468 2631 senectutis.
506 2565 583 2651 Ipse
595 2573 709 2630 autem
721 2563 803 2628 dum
817 2565 854 2627 iu
870 2563 1098 2628 Theutouiam
1109 2586 1144 2629 se
1157 2565 1333 2630 transtulit

276 2666 321 2731 ad
349 2666 498 2731 habenas
527 2666 661 2750 imperii
692 2664 902 2742 obtinendas,
933 2664 1080 2749 jocunda
1110 2665 1265 2749 quedam,
1293 2672 1333 2730 ut

277 2769 486 2848 credebatur,
500 2771 657 2854 auspicia,
671 2768 730 2834 sed
745 2770 859 2834 verius
876 2769 1006 2854 spicula
1022 2771 1139 2834 matris
1155 2769 1333 2835 obtutibus

278 2874 456 2939 inferebat.
504 2874 592 2938 Nam
615 2880 745 2958 sponte,
764 2894 834 2936 non
856 2875 1016 2949 monitus,
1039 2872 1124 2937 Sede
1149 2874 1333 2958 apostolica

276 2979 465 3064 ignorante,
489 2999 623 3043 crucem
649 2977 719 3041 suis
744 2976 894 3041 humeris
920 2976 1039 3051 affixit,
1063 2998 1191 3042 vovens
1213 2978 1332 3042 solem·

276 3084 367 3147 niter
378 3103 413 3147 se
425 3083 462 3145 iu
473 3090 563 3146 terre
576 3088 690 3146 sancte
703 3079 893 3145 subsidium
908 3079 1153 3164 profecturum.
1198 3081 1332 3147 Deinde

277 3207 312 3251 se
335 3207 373 3251 ac
396 3186 479 3250 alios
502 3185 754 3271 crucesignatos
776 3184 1061 3249 excommunicari
1085 3184 1244 3263 obtinuit,
1266 3187 1332 3249 nisi

277 3296 369 3354 certo
389 3290 650 3374 profiscerentur
670 3296 843 3373 tempore3
869 3287 929 3353 sed
944 3286 1135 3353 incidenter
1149 3289 1331 3353 absolutio-

277 3415 354 3458 nem
374 3394 475 3478 petiit
496 3400 532 3457 et
552 3393 691 3477 accepit,
712 3391 754 3456 de
778 3392 930 3477 parendo
953 3413 1055 3477 super
1077 3393 1140 3458 hoc
1164 3393 1332 3459 mandatis

277 3498 427 3562 Ecclesie
442 3497 537 3581 prius
553 3497 696 3581 prestito
711 3496 915 3582 juramento.
949 3496 1203 3561 Exuberantem
1218 3503 1331 3561 autem

276 3602 422 3687 gratiam
437 3622 538 3685 super
553 3601 665 3685 ipsum
680 3599 865 3684 apostolica
880 3597 977 3665 sedes
991 3599 1172 3665 effundens
1186 3608 1227 3664 ut
1241 3599 1333 3666 festi·

276 3706 414 3770 nantius
426 3704 469 3769 ad
479 3712 568 3769 terre
580 3711 695 3770 sancte
707 3704 869 3768 transiret
880 3702 1079 3782 subsidium,
1091 3706 1202 3788 ipsum
1214 3713 1333 3770 contra

276 3790 403 3873 morein
426 3807 470 3873 ad
492 3800 649 3873 coronam
672 3807 817 3883 vocavit,
842 3828 908 3891 que
931 3807 975 3871 ad
1000 3807 1064 3872 hoc
1090 3829 1159 3872 uon
1185 3804 1331 3874 invitare

277 3912 336 3978 sed
351 3913 491 3978 invitari
503 3912 741 3996 multiplicatis
753 3911 1051 3977 intercessionibus
1063 3933 1123 3996 per
1136 3912 1332 3999 magnificos

277 4018 416 4083 nuntios
439 4016 639 4092 consuevit3
666 4015 754 4080 sicut
770 4014 860 4079 idem
876 4014 939 4081 sub
955 4016 1064 4081 crucis
1079 4017 1206 4082 vexillo
1224 4038 1332 4103 usque
