3292 4809
562 646 638 694 111
659 644 963 695 nounnsraurnrv
984 644 1133 693 111111.
1333 629 1376 694 89

319 815 460 882 feudum
483 835 553 880 non
579 812 749 890 succedat,
775 814 843 878 nisi
870 812 963 898 prius
989 812 1125 877 domino
1154 812 1375 891 satisfecerit3

318 921 458 1006 parique
476 916 578 984 modo
593 918 758 984 vassallus
780 938 841 1002 pro
864 915 1018 983 omnibus
1040 917 1110 995 suis
1132 915 1228 982 bonis
1250 916 1376 984 domes

319 1025 395 1090 ticis
410 1022 524 1089 faciat

363 1127 457 1192 illud
486 1147 622 1214 quoque
651 1127 864 1213 precipimus,
886 1132 937 1203 ut,
962 1126 991 1190 si
1017 1124 1183 1192 vassallus
1206 1125 1249 1191 de
1272 1125 1376 1191 feudo

319 1232 423 1298 alium
435 1231 619 1298 vassallum
632 1229 798 1306 habuerit,
814 1237 851 1296 et
865 1230 1031 1295 vassallus
1045 1230 1183 1296 vassalli
1202 1229 1376 1295 dominum

320 1335 447 1401 domini
467 1336 522 1401 sui
544 1332 734 1412 offenderit,
755 1335 821 1399 nisi
842 1355 904 1420 pro
926 1334 1065 1400 servitio
1087 1334 1225 1399 alterius
1248 1333 1376 1399 domini

319 1440 373 1506 sui
395 1438 459 1505 hoc
481 1438 610 1515 feeerit,
633 1459 735 1524 quem
756 1438 829 1504 sine
851 1436 972 1503 fraude
994 1445 1094 1507 antea
1118 1438 1249 1515 habuit,
1271 1436 1376 1504 feudo

307 1544 482 1630 privetur,
509 1549 544 1609 et
567 1542 611 1607 ad
635 1541 811 1607 dominum
840 1563 951 1620 suum,
977 1562 998 1607 a
1027 1563 1096 1627 quo
1124 1542 1197 1626 ipse
1226 1541 1375 1620 tenebat,

320 1654 520 1724 revertatur,
532 1647 598 1711 nisi
610 1647 794 1733 requisitus
805 1646 848 1712 ab
859 1668 899 1712 eo
914 1653 1050 1732 paratus
1064 1646 1169 1711 fuerit
1183 1645 1376 1712 satisfacere

321 1751 439 1837 majori
454 1749 601 1828 domino,
617 1772 719 1836 quem
733 1749 887 1828 offendit,
904 1757 940 1816 et
954 1750 1020 1816 nisi
1035 1750 1200 1816 vassallus
1218 1747 1377 1836 idemque

320 1856 488 1933 dominus,
514 1876 535 1919 a
562 1854 699 1920 domino
724 1875 787 1920 suo
809 1854 1004 1939 requisitus,
1029 1875 1108 1919 eum
1132 1854 1192 1938 qui
1217 1853 1377 1939 majorem
1451 1835 1455 1845 ¹

321 1959 495 2025 dominum
526 1956 670 2024 offendit
699 1958 902 2044 requisierit,
933 1965 974 2023 ut
1008 1955 1204 2035 satisfaciat,
1234 1956 1376 2023 feudum

321 2064 465 2129 amittat.

365 2167 523 2234 Preterea
541 2168 570 2233 si
593 2167 635 2234 de
657 2167 761 2234 feudo
783 2168 874 2233 inter
895 2166 980 2233 duos
996 2166 1158 2232 vassallos
1179 2166 1226 2232 sit
1248 2173 1378 2232 contro-

322 2272 441 2350 versia,
458 2270 586 2337 domini
600 2272 646 2337 sit
660 2271 820 2359 cognitio,
836 2279 872 2338 et
892 2292 953 2357 per
975 2293 1053 2336 eum
1076 2271 1301 2337 controversia
1316 2278 1379 2336 ter-

321 2378 480 2442 minetur.
515 2374 552 2441 Si
562 2397 641 2441 vero
655 2376 746 2440 inter
758 2374 932 2440 dominum
947 2381 983 2440 et
994 2373 1176 2440 vassallum
1187 2374 1228 2438 lis
1238 2374 1379 2453 oriatur,

321 2501 381 2566 per
395 2501 492 2565 pares
513 2480 625 2545 curiae
648 2500 668 2544 a
690 2478 826 2545 domino
849 2477 913 2545 sub
934 2476 1048 2544 debito
1069 2476 1244 2544 fidelitatis
1267 2478 1380 2566 conju·

321 2592 411 2649 ratos
425 2584 635 2650 terminetur.
657 2569 659 2574 ’

366 2686 460 2752 Illud
475 2708 610 2774 quoque
625 2687 823 2765 sanccimus,
840 2693 880 2752 ut
894 2688 929 2751 in
946 2687 1037 2753 omni
1051 2693 1260 2753 sacramento
1275 2685 1379 2753 fideli·

322 2792 403 2858 tatis
418 2792 599 2879 imperator
612 2792 810 2857 nominatim
827 2792 1025 2877 excipiatur.

777 3023 915 3052 -σοο-

350 3191 425 3255 THE
451 3190 697 3282 1101110101
724 3192 799 3255 THE
826 3192 985 3256 oausam
1012 3192 1056 3255 OF
1081 3192 1204 3256 alvu
1234 3192 1351 3276 (1160).

519 3348 561 3411 [a.
572 3350 670 3410 varta
686 3350 818 3398 aeneum
830 3350 1140 3410 aas.1rrid.1mp.,1v.a
1149 3348 1196 3410 so.]

370 3483 527 3549 (Rahewin,
540 3482 590 3533 IV.
608 3485 690 3533 151.
734 3484 776 3533 Ea
787 3487 955 3545 tempestate
972 3484 1112 3534 Adrianus
1123 3496 1196 3545 papa
1206 3482 1236 3532 in
1246 3482 1380 3534 Kalendis

324 3564 462 3628 Septemb.
478 3569 547 3627 aput
561 3566 719 3629 Anagniam
734 3566 808 3616 dlem
829 3566 932 3616 clauslt
949 3570 1106 3617 extremum
1123 3570 1152 3616 et
1163 3568 1186 3614 2.
1221 3566 1293 3615 Non.
1313 3565 1380 3627 Sep·

323 3649 409 3699 temb.
423 3648 453 3699 11
464 3648 600 3699 aecclesia
617 3649 692 3699 beati
709 3648 795 3707 Petri,
811 3649 989 3709 presentibus
1007 3649 1092 3706 clero,
1106 3652 1204 3698 senatu
1221 3647 1380 3709 populoque

324 3732 459 3790 Romano,
472 3731 625 3781 honorilice
642 3731 797 3781 tumulatus
815 3735 868 3790 est,
882 3731 1027 3795 regalibus,
1042 3730 1151 3780 nunciis
1169 3730 1259 3780 adhuc
1276 3730 1380 3779 ibidem

324 3814 520 3864 existentibus.
553 3814 623 3864 Post
635 3815 715 3864 cuius
727 3814 836 3864 obitum
848 3814 1003 3864 cardinales
1015 3815 1044 3863 in
1056 3813 1222 3864 seditionem
1239 3812 1379 3871 conversi,

324 3897 436 3961 gemina
455 3896 592 3947 electione
612 3896 744 3947 scindunt
762 3897 907 3957 unitatem,
928 3897 1095 3957 quibusdam
1112 3895 1280 3959 eligentibus
1298 3894 1381 3946 Octa·

324 3980 437 4030 vianum
454 3979 531 4030 tituli
549 3978 668 4030 Sanctae
685 3975 805 4031 ceciliae
821 3979 1009 4041 presbiterum
1026 3978 1204 4036 cardinalem,
1216 3978 1263 4028 cul
1279 3987 1382 4029 nomen

324 4062 461 4113 dederunt
480 4062 588 4123 Victor,
608 4062 672 4113 aliis
692 4062 849 4114 Rolandum
870 4062 947 4113 tituli
967 4061 1063 4112 Sancti
1082 4060 1172 4112 Marci
1194 4060 1384 4123 presbiterum
