3292 4809
537 638 615 689 rur
636 637 938 689 nonnusraurnr
960 637 1108 689 rnnron.
1284 621 1350 689 145

295 902 371 970 rm
395 901 619 969 arros1r10r
645 904 690 974 cr
703 903 914 968 mmmror
939 903 981 968 u
1007 902 1060 967 er
1085 902 1162 969 rur
1191 902 1352 971 corson

580 1018 625 1082 or
650 1018 770 1086 trous
799 1019 883 1101 (rur,
903 1019 1066 1101 runc).

707 1186 799 1249 mn,
811 1188 856 1238 vn
868 1185 934 1249 ara]

338 1332 559 1400 Innocentius
588 1332 774 1419 episcopus,
805 1354 925 1399 servus
952 1353 1125 1399 servorum
1153 1331 1230 1411 Dei,
1255 1353 1350 1399 sacro

245 1502 247 1505 ,
294 1444 449 1523 presente
472 1436 623 1514 consilio,
645 1435 689 1503 ad
710 1436 760 1501 rei
782 1436 977 1502 memoriam
998 1437 1247 1523 sempiternam.
1290 1436 1351 1503 Ad

293 1541 475 1627 apostolice
499 1539 675 1629 dignitatis
704 1541 844 1627 apicem,
870 1541 952 1607 licet
980 1539 1122 1629 indigni,
1149 1539 1345 1629 dignatione

294 1643 408 1711 divine
420 1644 604 1731 majestatis
615 1646 788 1731 assumpti,
801 1645 953 1709 omnium
964 1644 1222 1712 christianorum
1233 1665 1348 1711 curam
1455 1634 1459 1647 ²

294 1748 393 1837 vigili
406 1747 592 1835 sedulaque
606 1749 746 1815 solercia
761 1770 879 1837 gerere
894 1770 932 1815 ac
944 1750 1063 1815 intime
1073 1747 1348 1831 considerationis

294 1854 393 1919 oculo
408 1853 618 1941 singulorum
634 1852 820 1919 discernere
837 1854 957 1919 merita
972 1874 1010 1919 ac
1029 1851 1168 1939 provide
1184 1851 1351 1943 delibera·

294 1956 396 2023 tionis
417 1964 543 2023 statera
564 1956 684 2023 librare
708 1956 886 2034 debemus;
909 1963 950 2022 ut
971 1977 1057 2043 quos
1078 1956 1161 2043 justi
1176 1957 1273 2045 vigor
1295 1978 1351 2022 ex·

295 2061 415 2126 aminis
431 2060 552 2148 dignos
567 2061 762 2139 ostenderit,
776 2061 934 2148 congruis
950 2061 1145 2126 attollamus
1157 2059 1348 2138 favoribus;

294 2185 380 2250 quos
390 2171 506 2231 autem
516 2186 600 2242 reos,
611 2165 707 2251 penis
719 2164 842 2231 debitis
853 2165 1098 2251 deprimamus;
1120 2163 1351 2251 adpendentes

294 2289 425 2355 semper
450 2269 607 2335 meritum
637 2276 673 2334 et
699 2270 865 2354 premium
889 2289 977 2355 equa
1000 2269 1108 2346 lance,
1133 2266 1350 2334 retribuendo

246 2421 249 2426 -
294 2372 417 2458 cuique
436 2372 535 2458 juxta
557 2372 756 2457 qualitatem
779 2373 887 2459 operis
909 2394 995 2459 pene
1011 2372 1067 2440 vel
1087 2371 1196 2461 gratie
1218 2373 1352 2458 quanti-

294 2483 410 2543 tatem.
455 2474 542 2542 Sane
559 2497 636 2541 cum
654 2476 728 2543 dira
749 2498 947 2565 guerrarum
970 2476 1148 2542 commotio
1169 2475 1350 2541 nonnullas

258 2622 262 2630 -
294 2578 707 2666 professionischristiane
723 2581 912 2667 provincias
934 2580 1067 2646 diucius
1089 2578 1273 2658 afflixisset,
1288 2570 1351 2647 nos

295 2690 368 2751 toto
382 2685 557 2770 cupientes
579 2685 701 2750 mentis
724 2682 851 2750 affectu
873 2684 1155 2771 tranquillitatem
1177 2691 1212 2751 et
1233 2703 1351 2770 pacem

295 2787 445 2854 Ecclesia
461 2795 576 2854 sancte
592 2788 659 2855 Dei
675 2809 713 2853 ac
737 2788 940 2877 generaliter
956 2796 1080 2854 cuncto
1102 2789 1229 2875 populo
1251 2788 1353 2854 chris
1489 2833 1492 2838 -

294 2892 389 2958 tiano
403 2894 582 2959 restituere
601 2900 637 2958 et
658 2890 829 2971 reducere,
845 2890 889 2957 ad
912 2890 1129 2958 Fredericum
1151 2892 1351 2978 precipuum

295 2995 480 3082 principem
495 2996 690 3073 secularem,
708 2994 903 3083 hujusmodi
918 2994 1134 3062 dissentionis
1157 3002 1193 3061 et
1214 2995 1353 3061 tribula-

294 3099 397 3165 tionis
427 3107 583 3177 actorem,
615 3121 634 3165 a
664 3099 772 3167 felicis
802 3099 1042 3166 recordationis
1073 3098 1236 3187 Gregorio
1265 3120 1352 3186 papa

294 3196 529 3289 predecessore
559 3211 674 3270 nostro
704 3226 765 3291 pro
797 3204 869 3279 suis
902 3203 1093 3270 excessibus
1129 3202 1351 3270 anathematis

294 3307 433 3375 vinculo
454 3306 665 3386 innodatum,
680 3308 841 3395 speciales
863 3308 1006 3375 nuncios
1028 3329 1150 3397 magne
1172 3308 1353 3377 auctorita·

293 3411 339 3477 tis
361 3412 461 3490 viros,
484 3409 645 3479 videlicet
666 3412 872 3480 venerabiles
895 3412 1015 3479 iratres
1037 3420 1170 3479 nostros
1193 3411 1233 3477 P.
1249 3411 1353 3477 Alba·

293 3535 443 3593 nensem,
469 3522 553 3582 tunc
581 3514 887 3604 Rothomagensem
914 3515 1213 3603 archiepiscopum,
1235 3523 1271 3583 et
1293 3515 1351 3581 W.

294 3616 514 3686 Sabinensem
543 3626 637 3697 tunc,
660 3620 831 3706 quondam
854 3620 1095 3698 Mutinensem,
1117 3621 1289 3707 episcopos
1312 3640 1351 3686 ac

294 3720 459 3791 dilectum
473 3722 584 3790 filium
598 3732 753 3791 nostrum
769 3722 994 3790 Guillelmum
1009 3724 1154 3790 Basilice
1173 3722 1352 3790 duodecim

208 3824 210 3827 ⁴
295 3826 538 3913 Apostolorum
574 3828 806 3916 presbyterum
841 3828 1055 3906 cardinalem,
1084 3835 1168 3894 tunc
1198 3826 1352 3895 abbatem

294 3928 411 3997 Sancti
438 3930 602 4011 Facundi,
625 3932 686 4019 qui
709 3932 854 3998 salutem
879 3932 1090 3999 zellabantur
1112 3932 1229 4020 ipsius,
1255 3932 1353 3999 duxi·

294 4055 371 4101 mus
386 4033 623 4114 destinandos3
645 4035 808 4104 iacientes
821 4035 887 4104 sibi
901 4037 1045 4124 proponi
1058 4058 1120 4125 per
1140 4037 1242 4124 ipsos,
1258 4034 1353 4124 quod
