3292 4809
294 576 358 643 134
513 598 646 647 smncr
668 599 878 650 unnrmvnr.
899 598 1129 649 oocurrurrs.

221 756 225 764 ’
293 771 328 830 et
349 764 443 831 bulla
456 786 558 831 aurea
578 768 709 854 typario
729 775 843 835 nostre
865 768 1049 855 majestatis
1070 769 1233 856 impressa
1252 768 1349 857 jussi-

292 889 368 934 mus
383 891 591 935 commumn.

335 973 426 1039 Data
449 974 540 1060 apud
561 983 717 1041 sanctum
741 976 947 1043 Germanum
965 999 1055 1043 anno
1069 975 1228 1043 dominici
1242 976 1350 1043 incar·

296 1079 446 1145 nationis
462 1078 558 1160 1230,
576 1080 630 1147 die
646 1083 770 1147 mensis
786 1081 809 1147 J
810 1080 883 1158 ulii,
899 1081 1001 1147 tertie
1016 1081 1225 1149 indictionis.

786 1331 853 1399 ΠΙ.

337 1496 529 1564 Friderieus
544 1496 610 1564 Dei
628 1498 749 1586 gratia,
765 1502 831 1564 etc.
876 1495 943 1564 Per
958 1518 1097 1584 presens
1114 1497 1278 1584 scriptum
1291 1520 1349 1565 no-

292 1609 367 1670 tum
389 1603 462 1669 fieri
484 1603 643 1668 volumus
664 1602 841 1680 universis,
860 1600 954 1688 quod
982 1603 1075 1667 inter
1101 1610 1348 1667 sacrosanctam

293 1707 479 1774 Romanam
501 1707 676 1773 ecclesiam
697 1713 840 1772 matrem
862 1714 1011 1772 nostram
1033 1713 1069 1771 et
1093 1727 1155 1771 nos
1177 1707 1348 1784 convenit,

293 1811 385 1898 quod
407 1811 449 1878 de
468 1812 639 1877 communi
661 1811 837 1877 voluntate
859 1810 1061 1877 tractabitur
1083 1810 1124 1876 de
1142 1811 1199 1876 via
1219 1811 1349 1876 inveni·

293 1915 390 1994 enda,
405 1916 552 2002 qualiter
566 1915 611 1981 ad
625 1936 686 1981 nos
702 1936 780 1981 cum
794 1915 920 1982 honore
935 1915 1084 2002 ejusdem
1099 1922 1215 1981 sancte
1230 1915 1348 1980 matris

293 2020 432 2087 ecclesie
465 2027 679 2086 revertantur
716 2019 874 2086 Gaietani
904 2028 940 2087 et
976 2019 1102 2086 Sancta
1138 2020 1348 2109 Agathensis

294 2124 447 2191 civitates
468 2132 504 2190 et
521 2143 640 2191 'omnes
658 2145 735 2189 eum
754 2124 848 2190 bonis
865 2125 936 2191 suis
951 2124 993 2191 de
1008 2147 1114 2213 regno
1129 2132 1244 2191 nostro
1266 2123 1349 2190 Sici·

293 2228 349 2306 lie,
365 2250 451 2314 quos
466 2229 606 2294 eeclesia
620 2228 657 2293 in
670 2250 732 2294 sua
746 2228 812 2294 fide
828 2230 965 2314 recepit,
980 2237 1016 2296 et
1037 2230 1073 2294 in
1094 2230 1232 2296 ecclesie
1249 2228 1349 2296 devo

293 2332 386 2399 tione
412 2332 606 2418 perdurant,
629 2331 673 2397 ad
696 2354 799 2417 quem
822 2339 1007 2399 tractatum
1029 2333 1128 2400 datus
1150 2341 1203 2399 est
1227 2354 1347 2411 annus,

293 2437 358 2501 nisi
380 2443 460 2502 ante
482 2437 538 2502 via
561 2436 674 2501 valeat
695 2435 851 2502 inveniri.
904 2436 964 2502 Ad
987 2459 1089 2523 quam
1110 2436 1349 2503 inveniendam

294 2539 385 2605 dicta
407 2546 514 2605 mater
536 2539 676 2605 ecclesia
699 2561 815 2606 curam
839 2548 875 2606 et
900 2541 1165 2607 sollicitudinem
1190 2541 1348 2607 adbibere

293 2644 456 2730 promisit,
479 2664 542 2709 nec
565 2644 732 2709 terminus
755 2644 820 2709 nisi
843 2643 885 2711 de
908 2666 1072 2711 consensu
1093 2646 1242 2731 partium
1264 2645 1350 2711 ulte·

293 2748 364 2813 rius
394 2746 638 2835 prorogabitur.
692 2746 753 2814 Set
780 2748 820 2826 si,
847 2747 941 2834 quod
971 2748 1067 2827 absit,
1097 2748 1187 2814 infra
1216 2748 1349 2814 dictum

293 2851 476 2917 terminum
491 2851 547 2917 via
564 2852 704 2917 inventa
725 2872 795 2917 non
817 2850 933 2930 fuerit,
951 2873 994 2918 ex
1016 2858 1100 2917 tuno
1122 2873 1184 2939 per
1204 2852 1349 2919 arbitros

293 2956 429 3022 interim
452 2954 623 3043 eligendos
645 2955 848 3041 procedetur
870 2955 907 3020 in
930 2957 986 3023 via
1009 2963 1049 3021 ut
1071 2956 1201 3022 dietum
1228 2962 1281 3022 est
1300 2956 1350 3019 in·

294 3058 470 3126 venienda.
532 3058 686 3139 Quorum
715 3059 783 3125 duo
815 3060 886 3125 sint
922 3081 965 3126 ex
1002 3067 1098 3146 parte
1131 3060 1283 3137 ecclesie,
1313 3065 1350 3126 et

294 3162 362 3229 duo
380 3185 423 3229 ex
437 3171 533 3249 parte
555 3171 682 3229 nostra.
728 3162 798 3243 Qui
820 3163 850 3228 si
871 3163 1071 3230 concordare
1087 3185 1157 3229 non
1175 3170 1349 3251 poterunt,

294 3268 452 3354 quintum
467 3268 606 3355 eligant,
622 3274 657 3333 et
671 3266 763 3333 dieto
786 3268 922 3353 majoris
943 3268 1048 3353 partis
1070 3267 1226 3333 stabitur.
1271 3266 1350 3333 Pre-

293 3380 422 3438 stamus
451 3372 567 3457 itaque
597 3366 823 3457 juramentum
854 3393 914 3457 per
944 3370 1164 3436 Thomasium
1190 3371 1350 3437 comitem

291 3464 498 3541 'Acerrarum
513 3475 676 3541 dilectum
690 3474 825 3540 fidelem
839 3483 993 3540 nostrum
1007 3475 1043 3538 in
1058 3476 1169 3540 anima
1184 3483 1299 3542 nostra
1314 3482 1350 3542 et

294 3578 336 3646 de
366 3579 524 3645 mandato
555 3586 669 3645 nostro
698 3579 877 3664 jurantem,
901 3577 993 3663 quod
1021 3579 1158 3643 interim
1179 3578 1349 3666 predictas

293 3692 400 3750 terras
423 3691 459 3749 et
479 3683 631 3748 homines
654 3703 722 3747 non
741 3680 950 3747 offendemus
965 3683 1001 3746 in
1018 3684 1170 3767 personis
1191 3689 1227 3749 et
1248 3683 1349 3750 rebus

293 3810 354 3854 nec
370 3809 390 3853 a
405 3789 528 3853 nostris
542 3786 775 3873 permittemus
789 3784 926 3863 offendi,
938 3793 974 3851 et
988 3786 1079 3851 viam
1093 3808 1160 3872 que
1174 3787 1351 3853 iuvenitur

293 3915 354 3979 per
369 3913 546 3957 comunem
568 3897 752 3956 tractatum
773 3887 924 3974 ejusdem
941 3889 1056 3954 matris
1072 3891 1210 3956 ecclesie
1225 3899 1261 3957 et
1274 3914 1351 3958 nos·

293 4004 385 4062 trum
410 3996 466 4062 vel
492 4015 552 4080 per
577 3992 753 4059 arbitrium
779 3991 1038 4077 observabimus.
1091 3992 1151 4060 Ad
1175 3994 1274 4083 eujus
1299 3998 1350 4065 rei
