3292 4809
493 619 630 670 rmnon
652 619 699 670 or
720 620 795 669 rrm
817 618 942 670 saxon
962 619 1167 671 mffnnoas.
1312 599 1354 671 28

296 787 456 867 restituit,
469 789 701 855 verumetiam
713 788 909 877 ingentibus
922 809 1140 876 gemmarum,
1152 788 1226 854 auri
1237 810 1355 879 argen-

297 894 392 979 tique
402 893 596 960 muneribus
608 894 796 959 honoravit.
835 892 1080 979 «Iusiurandum
1089 914 1168 959 vero
1180 892 1222 959 ab
1236 893 1354 960 eodem

296 1019 383 1084 papa
405 998 427 1063 J
429 998 559 1064 ohanne
582 1019 684 1083 supra
705 998 958 1084 preciossimum
973 1018 1094 1083 corpus
1116 998 1226 1063 sancti
1248 997 1352 1076 Petri,

296 1108 399 1187 atque
415 1101 569 1168 omnibus
585 1102 733 1168 civitatis
755 1099 957 1188 proceribus,
973 1121 1008 1166 se
1024 1121 1211 1188 numquam
1231 1101 1354 1168 Beren-

295 1206 390 1293 gario
405 1212 506 1292 atque
524 1205 712 1273 Adelberto
730 1206 983 1283 auxiliaturum,
997 1205 1137 1291 accepit.
1185 1204 1270 1271 Post
1289 1204 1352 1272 hee

297 1309 438 1394 Papiam
453 1311 652 1395 quantotius
667 1309 850 1397 repedavit.

341 1414 371 1479 8.
396 1412 490 1480 Haec
502 1413 585 1479 dum
596 1419 755 1502 aguntur,
768 1413 896 1480 Phoebi
908 1412 1009 1479 radiis
1024 1434 1127 1500 grave
1138 1411 1249 1480 cancri
1259 1412 1352 1480 sidus

286 1517 470 1585 ¹inestuans
504 1519 739 1605 imperatorem
777 1519 935 1584 Romanis
965 1517 1098 1584 arcibus
1134 1518 1352 1603 propellebat.
1444 1504 1446 1507 ’

297 1620 366 1687 Sed
394 1643 473 1687 oum
502 1622 669 1710 virginale
699 1621 793 1688 sidus
827 1629 959 1710 gratam
988 1621 1119 1688 rediens
1156 1622 1353 1708 temperiem

295 1725 410 1804 ferret,
427 1726 576 1793 collectis
601 1726 715 1811 copiis,
737 1726 824 1791 clam
850 1725 1010 1791 Romanis
1034 1725 1268 1804 invitantibus,
1290 1726 1354 1792 Ro

296 1850 385 1893 mam
416 1828 563 1895 advenit.
610 1828 703 1909 Quid
729 1830 818 1895 enim
846 1830 933 1895 olam
962 1829 1119 1907 dixerim,
1145 1851 1223 1895 cum
1248 1830 1353 1917 major

297 1932 525 1998 Romanorum
554 1954 631 2019 pars
663 1934 877 2018 optimatium
907 1934 1016 1999 sancti
1047 1933 1148 1998 Pauli
1177 1933 1353 1999 castellum

296 2036 467 2114 invaserit,
479 2044 701 2124 sanctumque
717 2040 953 2124 imperatorem
965 2037 1136 2103 obsidibus
1148 2038 1250 2103 etiam
1265 2036 1353 2103 datie

296 2140 517 2206 invitaverit?
550 2139 643 2220 Quid
653 2143 772 2207 multis
783 2140 916 2206 morer?
934 2140 1033 2226 juxta
1044 2141 1162 2207 urbem
1178 2148 1354 2207 castrame-

281 2248 389 2314 tatus
418 2242 608 2329 imperator,
636 2244 742 2309 Roma
771 2265 858 2329 papa
884 2245 985 2309 simul
1016 2249 1118 2330 atque
1145 2244 1352 2331 Adalpertus

295 2346 490 2434 aufugiunt.
539 2346 640 2414 Cives
655 2369 736 2413 vero
758 2350 994 2433 imperatorem
1016 2354 1171 2414 sanctum
1188 2369 1267 2413 cum
1281 2350 1352 2414 suis

296 2449 451 2517 omnibus
468 2452 506 2516 in
520 2451 636 2517 urbem
655 2452 855 2536 suscipiunt,
871 2451 1071 2518 fidelitatem
1092 2453 1333 2538 repromittunt
1342 2477 1351 2529 3

295 2555 359 2622 hoc
382 2554 545 2621 addentes
569 2561 604 2621 et
624 2555 763 2621 firmiter
785 2555 945 2640 jurantes,
965 2576 1151 2641 numquam
1173 2578 1209 2621 se
1232 2577 1353 2642 papam

295 2658 461 2726 electuros
473 2666 534 2724 aut
545 2658 757 2724 ordinaturos
768 2665 882 2744 preter
893 2680 1092 2725 consensum
1104 2665 1141 2725 et
1155 2659 1352 2725 electionem

295 2761 411 2827 domni
425 2763 635 2849 imperatoris
652 2761 790 2829 Ottonis
806 2763 926 2829 cesaris
942 2762 1090 2851 augusti,
1101 2761 1231 2850 filiique
1246 2764 1352 2852 ipsius

295 2866 384 2955 regis
402 2863 549 2933 Ottonis.

756 3060 896 3090 -Oob-

553 3307 745 3372 coisnon
767 3307 811 3371 ΟΡ
834 3306 931 3372 OTHO
953 3308 978 3371 1.
1000 3307 1094 3377 (962).

638 3470 684 3532 [Μ.
697 3470 727 3521 c.
738 3472 782 3530 rr,
792 3472 852 3531 mp.
863 3471 934 3529 otto,
944 3470 1008 3533 aaa]

386 3546 441 3608 (Os.
455 3546 550 3605 Slckel,
560 3546 614 3594 Das
623 3546 790 3607 Privilegium
800 3546 863 3595 Otto
873 3548 893 3594 1.
905 3547 949 3595 fiir
958 3547 1000 3595 die
1010 3546 1135 3597 rbmlsche
1144 3548 1261 3609 Kirohe.)

339 3703 382 3770 In
404 3704 539 3769 nomine
561 3702 689 3769 domini
713 3687 772 3769 dei
792 3704 1031 3791 omnipotentis
1054 3708 1160 3791 patris
1175 3714 1211 3773 et
1232 3708 1293 3773 filii
1315 3715 1351 3776 et

294 3810 434 3896 spiritus
446 3808 563 3875 sancti
610 3807 685 3894 Ego
698 3806 783 3874 Otto
798 3806 852 3873 dei
868 3808 976 3895 gratia
990 3809 1171 3895 imperator
1184 3820 1350 3899 augustus
1378 3801 1383 3810 ⁸

295 3934 457 3979 unacum
479 3912 607 3978 Ottone
629 3912 775 3999 glorioso
797 3932 876 3999 rege
899 3912 968 3977 filio
990 3919 1106 3979 nostro
1128 3912 1243 3980 divina
1265 3916 1352 3981 ordi·

294 4024 397 4089 nante
408 4014 623 4111 providentia
634 4013 838 4102 spondemus
850 4011 954 4101 atque
970 4016 1197 4102 promittimus
1212 4041 1272 4106 per
1285 4021 1351 4090 hoc
