3292 4809
323 619 366 687 12
544 639 678 689 smnus
699 636 907 686 nnmmvnu
931 634 1162 685 nocvmnnrs.

323 806 477 874 Adriano
496 827 603 893 papae
618 806 681 871 sub
697 805 849 871 terribile
865 809 1074 869 sacramento
1089 823 1159 867 sese
1175 804 1287 867 omnia
1302 795 1380 867 con·

322 919 513 978 servaturos
537 912 596 998 qui
612 913 648 976 in
664 911 780 977 cadem
803 910 985 976 donatione
1005 910 1223 976 continentur
1245 909 1381 994 promit-

323 1022 434 1082 tentes
464 1014 687 1082 tradiderunt.
740 1015 909 1101 Apparcm
940 1035 1020 1080 vcro
1052 1013 1158 1099 ipsius
1188 1011 1379 1077 donationis

323 1119 467 1186 eundem
491 1119 670 1185 Etherium
686 1118 829 1185 adscribi
852 1118 978 1184 faciens
997 1119 1067 1203 ipse
1083 1116 1378 1183 christianissimus

324 1223 532 1289 Francorum
553 1245 624 1302 rex,
641 1225 734 1289 intus
757 1245 859 1309 super
881 1244 1001 1309 corpus
1025 1221 1114 1288 beati
1138 1220 1242 1299 Petri,
1258 1220 1378 1287 subtus

323 1328 499 1415 evangelia
512 1350 597 1414 quae
610 1327 733 1393 ibidem
749 1328 955 1406 osculantur,
967 1349 1027 1413 pro
1042 1328 1231 1392 firmissima
1245 1328 1379 1393 cautela

324 1440 360 1498 et
386 1440 521 1498 aeterna
548 1433 692 1498 nominis
718 1433 771 1497 sui
797 1454 836 1497 ac
863 1434 958 1519 regni
988 1431 1194 1497 Francorum
1221 1434 1379 1498 memoria

324 1537 466 1621 propriis
475 1537 545 1601 suis
555 1536 708 1602 manibus
718 1537 841 1621 posuit.
872 1535 1180 1621 Aliaquecjusdcm
1190 1536 1379 1602 donationis

324 1641 478 1725 exempla
501 1661 560 1726 per
582 1640 743 1705 scrinium
766 1640 867 1705 huius
892 1647 1029 1705 sanctae
1052 1647 1184 1705 nostrae
1210 1640 1379 1706 Romanae

325 1744 485 1811 ecclesiae
500 1743 703 1831 adscriptam
718 1746 791 1811 eius
806 1745 1010 1811 excellentia
1024 1765 1139 1810 secum
1155 1743 1353 1831 deportavit.

786 1990 924 2019 -oo·-

444 2194 518 2257 THE
542 2192 776 2257 ΟΟΒΟΠΑΤΙΟΠ
798 2192 844 2257 01¹
867 2193 1144 2259 oslamnlsna
1168 2194 1262 2261 (800).

538 2339 1169 2401 mmfflmwmfflmm

369 2482 452 2549 Post
477 2483 559 2548 haec
581 2482 782 2548 adveniente
807 2482 862 2548 die
882 2483 986 2548 natali
1008 2483 1145 2548 Domini
1166 2484 1274 2548 nostri
1297 2483 1379 2549 Jesu

326 2587 463 2666 Christi,
476 2588 511 2650 in
527 2588 595 2672 jam
607 2586 697 2652 dicta
710 2587 856 2652 Basilica
872 2587 969 2653 Beati
985 2586 1079 2653 Petri
1091 2588 1249 2672 Apostoli
1265 2608 1379 2652 omncs

324 2692 447 2756 iterum
460 2692 655 2778 congregati
671 2697 753 2756 sunt
764 2698 799 2754 et
810 2697 894 2755 tunc
906 2691 1106 2756 venerabilis
1118 2690 1282 2756 almificus
1294 2689 1381 2755 Pon·

325 2794 410 2859 tifex
426 2794 579 2860 manibus
591 2795 661 2859 suis
673 2795 815 2880 propriis
826 2795 1067 2881 pretiosissima
1076 2816 1197 2859 corona
1207 2796 1381 2861 coronavit

325 2920 413 2963 eum.
452 2898 549 2963 Tunc
566 2899 714 2963 universi
730 2898 846 2963 fideles
862 2899 1004 2963 Romani
1016 2898 1170 2963 videntes
1182 2905 1312 2963 tantam
1328 2898 1381 2964 da
1443 2931 1445 2936 ¹

324 3002 521 3081 sensionem,
534 3009 569 3068 et
580 3002 807 3079 dilectionem,
820 3024 922 3088 quam
934 3023 1013 3089 erga
1026 3000 1183 3067 Sanctam
1196 3002 1380 3067 Romanam

325 3106 521 3185 Ecclesiam,
545 3107 673 3193 atejus
698 3107 874 3171 Vicarium
895 3106 1024 3183 habuit,
1048 3107 1216 3171 unamiter
1237 3106 1380 3172 altisona

324 3232 406 3286 voce
417 3211 482 3278 Dei
492 3218 579 3276 nutu
589 3219 690 3297 atque
700 3212 798 3278 Beati
808 3211 903 3277 Petri
914 3211 1085 3299 Clavigeri
1094 3213 1190 3298 regni
1201 3210 1380 3276 Coelorum

325 3316 615 3381 exclamaverunt:
640 3315 759 3381 Oarolo
769 3317 920 3402 piissimo
928 3316 1202 3403 AugustoaDeo
1213 3323 1380 3393 coronato,

325 3439 457 3505 magno,
487 3420 625 3505 pacifico
663 3419 872 3505 Imperatori,
903 3421 975 3492 vita
1010 3429 1045 3486 et
1079 3420 1231 3486 victoria.
1288 3420 1380 3483 Ante

324 3544 452 3589 sacram
464 3522 708 3589 confessionem
720 3524 818 3589 Beati
835 3523 928 3589 Petri
941 3525 1099 3609 Apostoli
1114 3524 1228 3609 plures
1241 3522 1380 3589 Sanctos

324 3628 531 3707 invocantes,
547 3637 615 3694 tres
643 3628 771 3693 dictum
794 3636 856 3706 est,
872 3637 907 3692 et
933 3628 975 3694 ab
999 3629 1151 3694 omnibus
1175 3630 1380 3694 constitutus

295 3787 298 3792 ,
325 3740 377 3797 est
388 3732 574 3818 Imperator
585 3733 823 3797 Romanorum.
862 3732 959 3797 Illico
976 3731 1212 3797 Sanctissimus
1225 3733 1380 3797 Antistes

326 3843 361 3902 ct
384 3835 545 3902 Pontifex
561 3837 663 3901 unxit
686 3834 771 3900 Oleo
795 3834 918 3917 Sancto
936 3835 1096 3900 Carolum
1112 3844 1149 3901 et
1163 3836 1383 3901 Excellentis-

325 3942 447 4006 simum
473 3941 582 4005 filium
606 3941 678 4027 ejus
703 3940 828 4027 Regem
857 3941 892 4003 in
916 3940 989 4025 ipso
1014 3939 1067 4005 die
1094 3941 1216 4004 natalis
1244 3940 1381 4005 Domini

325 4046 431 4110 nostri
454 4045 476 4109 J
478 4065 539 4110 esu
555 4043 692 4123 Christi,
709 4052 743 4109 ct
758 4045 859 4109 missa
880 4050 1017 4130 peracta
1032 4051 1109 4130 post
1124 4043 1382 4110 celebrationem
