3292 4809
427 624 564 674 rnaron
587 623 634 675 or
655 626 731 673 rmr
752 624 999 675 hunricum
1019 626 1226 676 nurnnons.
1309 606 1352 676 at

236 821 240 828 ·
293 792 422 860 decreti
444 792 500 859 dei
523 794 763 880 omnipotentis
785 793 896 880 gratia
917 800 1083 881 protegat,
1099 800 1136 859 et
1150 794 1351 861 auctoritato

293 897 468 963 beatorum
483 898 712 983 apostolorum
735 896 830 964 Petri
846 904 881 963 et
902 896 1003 963 Pauli
1018 897 1060 964 ab
1074 898 1226 964 omnium
1239 919 1354 985 pecca·

293 1008 405 1067 torum
420 1001 566 1068 vinculis
583 1000 746 1067 absolvet.

338 1105 411 1193 Ego
434 1103 595 1170 Nicolaus
617 1106 791 1191 episcopus
814 1112 950 1172 sanctae
968 1105 1153 1172 catholicae
1168 1114 1205 1173 et
1226 1114 1354 1194 aposto·

292 1209 378 1275 licae
406 1208 576 1275 Romanae
598 1210 759 1275 ecclesiae
785 1208 866 1275 huic
890 1209 1026 1277 decreto
1048 1232 1069 1276 a
1090 1209 1186 1277 nobis
1207 1212 1354 1298 promul·

293 1320 383 1402 gato,
398 1314 489 1379 sicut
510 1313 664 1400 superius
686 1314 823 1401 legitur,
841 1313 1034 1400 subscripsi.
1079 1314 1275 1381 Boniiecius
1297 1315 1353 1382 dei

292 1418 402 1505 g'ratia
431 1416 634 1484 Albanensis
671 1419 847 1504 episcopus
884 1417 1077 1505 subscripsi.
1143 1418 1352 1486 Humbertus

293 1528 429 1587 sanctae
450 1522 609 1588 ecclesiae
632 1520 744 1588 Silvae
768 1519 941 1588 candidae
964 1523 1138 1609 episeopus
1160 1522 1353 1609 subscripsi.

294 1625 417 1691 Petrus
437 1624 604 1692 Ostiensis
620 1626 779 1692 ecelesiae
795 1626 971 1712 episeopus
985 1625 1178 1711 subscripsi.
1222 1626 1270 1692 Et
1284 1648 1355 1693 cae·

293 1729 359 1794 teri
382 1729 530 1815 episcopi
552 1750 693 1795 numero
717 1728 883 1796 LXXVI.
904 1750 982 1797 eum
1003 1728 1208 1817 presbyteris
1229 1736 1267 1796 et
1287 1728 1355 1796 din·

294 1832 434 1899 conibus
449 1832 732 1920 subscripserunt.

750 2063 890 2095 ⁸¹-ss-

340 2258 483 2323 terrm
511 2259 556 2323 OF
581 2259 713 2324 nam
739 2260 791 2323 IV.
819 2260 866 2324 ΤΟ
893 2259 1066 2325 GBBGORY
1093 2260 1161 2323 vn.
1194 2260 1312 2344 (1073).

614 2420 696 2483 [datie
701 2437 708 2483 ;
724 2423 781 2470 Bib.
791 2422 850 2471 Ber.
862 2421 930 2481 Ger..
941 2422 974 2470 11.
984 2420 1036 2483 46.]

338 2551 609 2654 vigilantissimo
624 2571 660 2631 et
679 2564 985 2631 desiderantissimo
1008 2563 1130 2631 domno
1152 2584 1257 2652 papae
1274 2564 1356 2633 Gro-

294 2670 390 2757 gorio
412 2670 597 2757 apostolica
625 2668 793 2757 dignitate
820 2669 964 2735 coelitus
990 2669 1154 2756 insignito
1184 2668 1355 2735 Henricus

296 2773 523 2839 Romanorum
550 2773 615 2839 Dei
640 2773 750 2861 gratie
776 2792 838 2840 rex
865 2772 974 2840 debiti
999 2772 1184 2839 famulatus
1205 2772 1357 2840 fidelissi·

295 2898 385 2942 mam
400 2876 652 2943 exhibitionem.

341 2980 429 3046 Cum
444 2981 534 3047 enim
549 3002 692 3069 regnum
707 2988 744 3048 et
757 2980 994 3059 sacerdotium,
1009 2988 1050 3046 ut
1072 2980 1109 3045 in
1132 2979 1268 3053 Christo
1289 2982 1355 3049 rite

295 3084 531 3151 administrata
545 3085 741 3164 subsistant,
753 3086 879 3151 vicaria
893 3085 947 3150 sui
963 3106 1024 3170 ope
1036 3105 1168 3171 semper
1179 3085 1356 3173 indigeant

296 3196 431 3275 oportet
445 3189 613 3272 nimirum,
626 3188 762 3255 domine
777 3190 824 3253 mi
840 3196 876 3255 et
889 3197 987 3275 pater
1000 3190 1236 3267 amantissime,
1249 3190 1357 3275 quati·

296 3316 361 3359 nus
376 3294 418 3359 ab
432 3294 577 3360 invicem
591 3294 728 3361 minime
746 3294 957 3372 dissentiant,
971 3315 1090 3360 verum
1101 3295 1214 3380 potius
1228 3293 1355 3361 Christi

296 3398 432 3485 glutino
459 3399 733 3485 conjunctissima
756 3398 1036 3465 indissolubiliter
1059 3398 1123 3463 sibi
1145 3398 1355 3464 cohaereant.

297 3500 451 3588 Namque
474 3502 522 3568 sio
549 3510 584 3568 et
609 3524 678 3568 non
703 3504 803 3569 aliter
826 3510 1045 3570 conservatur
1066 3503 1103 3566 in
1124 3502 1263 3567 vinculo
1285 3524 1357 3588 per·

297 3604 406 3672 fectae
421 3606 571 3672 caritatis
587 3612 624 3672 et
637 3607 729 3692 pacis
745 3614 781 3673 et
796 3606 998 3673 christianae
1015 3605 1195 3673 concordia
1213 3605 1355 3672 unitatis

297 3717 334 3775 et
357 3710 600 3776 ecclesiasticae
622 3710 724 3776 simul
747 3717 857 3777 status
879 3711 1064 3798 religionis.
1110 3709 1178 3775 Sed
1200 3730 1271 3786 nos,
1295 3709 1355 3795 qui

298 3816 373 3884 Deo
396 3825 567 3882 annuente
587 3815 685 3901 regni
705 3813 915 3901 aliquamdiu
937 3814 1006 3898 jam
1026 3814 1187 3879 sortimur
1209 3813 1355 3879 ministe-

297 3919 396 3996 rium,
412 3916 609 3994 sacerdotio,
625 3924 666 3981 ut
681 3916 842 4002 oportuit,
858 3937 919 4001 per
933 3916 1045 3981 omnia
1059 3916 1114 4002 jus
1133 3924 1170 3982 et
1193 3910 1356 3983 honorem

298 4042 367 4087 non
390 4020 605 4088 exhibuimus
627 4020 837 4107 legitimum3
867 4019 993 4106 quippe
1019 4019 1115 4086 nobis
1137 4040 1159 4085 a
1180 4019 1254 4087 Deo
1277 4020 1355 4087 date
