3292 4809
424 646 565 697 rumor
587 646 634 697 or
655 647 730 695 run
752 643 998 696 rumcomnu
1019 643 1225 694 mffnnona.
1307 625 1349 693 57

294 814 447 901 pecunia,
470 813 760 899 impudentissime
783 813 963 901 objectum,
987 814 1083 901 cujus
1105 812 1238 879 fruens
1260 818 1352 898 pate·

294 917 427 984 faciunt
449 918 604 995 radicem,
628 919 724 1005 cujus
747 940 848 1005 opera
873 918 1093 984 manifestant
1117 917 1350 994 intentionem,

295 1022 355 1108 qui
370 1021 635 1088 ecclesiasticum
650 1022 817 1089 subvertit
839 1022 999 1100 ordinem,
1015 1023 1076 1108 qui
1098 1021 1272 1088 christiani
1293 1020 1352 1084 im-

294 1126 378 1212 perii
393 1126 605 1212 perturbavit
619 1127 780 1214 regimen,
797 1128 857 1212 qui
871 1128 943 1215 regi
961 1126 1126 1193 catholico
1149 1147 1191 1191 ac
1213 1124 1351 1211 pacifico

294 1230 440 1317 corporis
466 1238 502 1297 et
526 1232 656 1295 animae
679 1231 828 1297 intentat
853 1238 1005 1309 mortem,
1029 1231 1090 1317 qui
1115 1229 1288 1316 perjurum
1314 1235 1350 1295 et

294 1334 498 1420 proditorem
514 1333 667 1401 defendit
681 1357 806 1423 regem,
823 1336 884 1421 qui
898 1336 988 1400 inter
1009 1333 1189 1401 concordes
1211 1334 1350 1399 semina·

294 1438 346 1504 vit
360 1437 570 1517 discordiam,
582 1440 672 1514 inter
683 1439 839 1525 pacificos
850 1440 938 1517 iiten,
950 1439 1039 1505 inter
1049 1438 1171 1505 iratres
1181 1437 1348 1515 scandala,

294 1541 439 1609 divortia
447 1544 537 1609 inter
545 1544 717 1631 conjugea
727 1550 773 1621 et,
784 1543 948 1629 quioquid
958 1544 1066 1629 quieti
1076 1544 1165 1609 inter
1172 1543 1228 1629 pia
1238 1543 1350 1608 viven-

294 1653 345 1712 tes
360 1654 465 1713 stares
477 1647 665 1726 videbatur,
683 1648 862 1714 concussit.
897 1647 1122 1733 Quapropter,
1138 1654 1179 1713 ut
1192 1646 1352 1733 praeliba·

294 1758 368 1815 tum
391 1758 452 1829 est,
474 1773 534 1817 nos
557 1759 694 1818 auctore
718 1751 791 1818 Deo
814 1752 1009 1840 congregati
1031 1753 1068 1817 in
1090 1773 1207 1829 unum,
1229 1751 1350 1838 legatis

294 1876 333 1920 ac
362 1855 486 1921 litteris
510 1854 591 1922 freti
615 1855 658 1920 19
685 1857 918 1942 episcoporum
948 1856 1003 1923 die
1032 1863 1150 1923 sancto
1179 1856 1349 1942 praeteriti

295 1958 512 2025 Pentecosten
537 1960 733 2048 Mogontiae
761 1967 1041 2048 congregatorum
1065 1966 1183 2027 contra
1205 1958 1349 2026 eundem

293 2064 563 2149 procacissimum
576 2063 847 2130 Hildebrandum
861 2065 1036 2152 sacrilegia
1045 2086 1083 2130 ac
1094 2064 1250 2132 incendia
1259 2086 1350 2150 prae-

294 2166 471 2245 dicantem,
483 2168 628 2255 perp'uria
644 2176 680 2234 et
695 2168 876 2235 homicidia
891 2168 1140 2247 defendentem,
1152 2169 1349 2235 catholicam

293 2278 397 2357 atqua
412 2272 631 2358 apostolicam
646 2273 747 2339 fidem
762 2273 804 2339 de
820 2294 956 2359 corpore
973 2281 1008 2339 et
1025 2274 1190 2361 sanguine
1213 2273 1351 2338 Domini
1419 2340 1423 2349 ,

293 2376 330 2440 in
345 2366 577 2461 quaestionem
587 2384 778 2463 ponentem,
788 2377 949 2443 haeretici
962 2378 1158 2465 Berengarii
1169 2378 1349 2464 antiquum

294 2477 509 2565 discipulum,
526 2480 773 2546 divinationum
788 2488 825 2547 et
839 2482 1045 2547 somniorum
1061 2481 1226 2547 cultorem
1247 2482 1352 2547 mani·

280 2582 429 2661 deatum,
451 2585 740 2662 nicromanticum,
761 2585 946 2672 phytonico
977 2586 1100 2671 spiritu
1131 2585 1350 2662 laborantem,

294 2693 329 2753 et
343 2686 380 2751 id
395 2688 483 2753 circo
498 2709 518 2753 a
533 2710 612 2755 vera
627 2687 693 2754 fide
709 2689 968 2766 exorbitantem,
983 2690 1172 2775 judicamus
1192 2690 1350 2755 canonice
1479 2717 1482 2722 ·

294 2789 540 2877 deponendum,
561 2799 597 2858 et
618 2793 868 2878 expellendum,
892 2800 928 2860 et
949 2794 1014 2858 nisi
1029 2793 1080 2859 ab
1101 2794 1174 2878 ipsa
1195 2793 1274 2859 sede
1297 2792 1350 2859 his

294 2893 419 2962 auditis
435 2894 657 2974 descenderit,
672 2897 709 2961 in
724 2906 928 2983 perpetuum
944 2896 1248 2964 condemnandum.

750 3114 889 3143 ss

285 3323 287 3327 -
342 3286 510 3351 ammai
537 3287 604 3350 vu.
633 3287 790 3350 mvnera
811 3288 957 3351 noram
984 3288 1171 3352 aureonno
1194 3287 1297 3351 uun
1401 3291 1403 3296 ·

687 3401 813 3464 uonr
844 3404 960 3485 uoco).

610 3549 701 3611 [rana
717 3550 1042 3612 Bib.Rer.oer.,11.4ao.]

542 3676 585 3761 a)
606 3674 675 3741 Ite
698 3674 783 3741 oatt
798 3677 897 3742 taken
911 3677 952 3764 ty
966 3678 1098 3743 Robert.

337 3830 411 3919 Ego
427 3829 649 3917 R(0bertus),
662 3830 728 3897 Dei
742 3831 853 3918 gratia
867 3839 903 3898 et
916 3834 1024 3899 sancti
1040 3832 1134 3898 Petri
1149 3831 1297 3918 Apuliae
1313 3840 1349 3900 et

294 3934 466 4001 Calabriae
490 3942 526 4001 et
548 3933 681 4002 Siciliae
705 3934 786 4013 dux,
808 3935 852 4001 ab
873 3936 936 4002 hac
957 3937 1040 4002 hora
1062 3943 1097 4003 et
1118 3936 1275 4023 deinceps
1290 3959 1347 4003 ero

292 4039 400 4112 fidelis
424 4046 559 4111 sanotae
583 4039 753 4105 Romanae
777 4039 937 4107 eeclesiae
961 4048 996 4107 et
1019 4040 1193 4127 apostolici
1216 4041 1290 4107 sedi
1312 4049 1348 4108 at
